Offer ID,Data ID,Date,Drop Number,Delivered,Clicks,CTR,Revenue,eCPM,Offer Type,Audience Type
115,76,11/1/2022,2,124248,1137,0.009151053,530.00,4.265662224,Credit Card,Credit Card
126,76,11/1/2022,3,124046,46,0.00037083,375.00,3.023072086,Home Security,Credit Card
573,97,11/1/2022,2,176291,165,0.000935952,630.00,3.573636771,Education,Housing
385,97,11/1/2022,3,176417,168,0.000952289,1800.00,10.20309834,Home Security,Housing
145,97,11/1/2022,4,176463,674,0.003819498,444.00,2.516108193,Shopping,Housing
699,97,11/1/2022,5,176474,722,0.004091254,1056.00,5.983884312,Credit Card,Housing
787,54,11/1/2022,2,203810,113,0.000554438,132.00,0.647662038,Home Financing,Mortgage
787,54,11/1/2022,2,100082,369,0.003686977,264.00,2.637836974,Home Financing,Mortgage
508,54,11/1/2022,3,203794,31,0.000152114,508.50,2.495166688,Home Improvement,Mortgage
508,54,11/1/2022,3,100022,159,0.00158965,1186.50,11.86239027,Home Improvement,Mortgage
808,54,11/1/2022,4,203790,115,0.000564306,252.74,1.240198243,Home Solar,Mortgage
808,54,11/1/2022,4,99945,242,0.002421332,132.77,1.328430637,Home Solar,Mortgage
126,30,11/1/2022,2,145747,257,0.00176333,3600.00,24.70033689,Home Security,Lending
419,30,11/1/2022,3,119727,532,0.004443442,1369.43,11.43793798,Credit Card,Lending
432,76,11/2/2022,2,125415,1306,0.010413427,735.00,5.860542997,Credit Card,Credit Card
182,97,11/2/2022,3,175496,263,0.00149861,840.00,4.786433879,Auto Insurance,Housing
869,54,11/2/2022,2,203588,85,0.00041751,84.00,0.412597992,Home Financing,Mortgage
869,54,11/2/2022,2,100318,247,0.00246217,84.00,0.837337267,Home Financing,Mortgage
467,54,11/2/2022,3,203574,34,0.000167015,770.70,3.785846916,Identity Protection,Mortgage
467,54,11/2/2022,3,100258,133,0.001326577,1798.30,17.93672325,Identity Protection,Mortgage
913,54,11/2/2022,4,203505,118,0.000579838,495.00,2.432372669,Home Warranty,Mortgage
913,54,11/2/2022,4,100196,318,0.003173779,627.00,6.25773484,Home Warranty,Mortgage
227,30,11/2/2022,2,145557,163,0.001119836,1300.00,8.93120908,Credit Repair,Lending
937,30,11/2/2022,3,145511,33,0.000226787,1499.00,10.30162668,Identity Protection,Lending
952,76,11/2/2022,3,125849,878,0.006976615,1001.00,7.953976591,Shopping,Credit Card
687,97,11/2/2022,2,175443,1188,0.00677143,422.70,2.409329526,Rent To Own,Housing
109,97,11/2/2022,4,175536,1635,0.009314329,1052.67,5.996889527,Home Financing,Housing
112,97,11/2/2022,5,175487,113,0.000643922,360.00,2.051434009,Identity Protection,Housing
542,76,11/3/2022,3,126324,361,0.002857731,457.00,3.617681517,Health,Credit Card
719,76,11/3/2022,2,126269,324,0.00256595,600.00,4.751760131,Credit Card,Credit Card
421,97,11/3/2022,5,175284,391,0.002230666,360.00,2.053809817,Injury Claim,Housing
320,54,11/3/2022,2,206662,134,0.000648402,550.20,2.662318181,Personal Care,Mortgage
865,54,11/3/2022,3,206558,479,0.002318961,816.00,3.950464276,Home Financing,Mortgage
399,30,11/3/2022,2,145552,164,0.001126745,1070.00,7.351324613,Injury Claim,Lending
169,30,11/3/2022,3,145380,1085,0.0074632,1860.00,12.79405695,Credit Card,Lending
168,97,11/3/2022,2,175227,132,0.000753309,735.00,4.194559058,Home Financing,Housing
619,97,11/3/2022,3,175184,143,0.000816285,735.00,4.195588638,Life Insurance,Housing
255,97,11/3/2022,4,175278,858,0.004895081,590.00,3.366081311,Credit Score,Housing
983,76,11/4/2022,2,126771,399,0.003147408,216.75,1.709775895,Credit Card,Credit Card
540,97,11/4/2022,5,175190,425,0.002425938,300.00,1.712426508,Credit Card,Housing
399,54,11/4/2022,2,206222,38,0.000184267,552.90,2.681091251,Injury Claim,Mortgage
838,54,11/4/2022,3,206037,443,0.002150099,516.00,2.504404549,Home Financing,Mortgage
647,30,11/4/2022,2,145301,343,0.002360617,95.55,0.657600429,Loan,Lending
837,30,11/4/2022,3,145159,828,0.00570409,1092.00,7.52278536,Survey,Lending
256,30,11/4/2022,4,145048,1210,0.008342066,1752.20,12.08013899,Credit Card,Lending
563,76,11/4/2022,3,126821,62,0.000488878,61.36,0.483831542,Loan,Credit Card
399,76,11/4/2022,4,125847,23,0.000182762,865.00,6.873425668,Injury Claim,Credit Card
227,76,11/4/2022,5,126860,141,0.001111461,700.00,5.517893741,Credit Repair,Credit Card
687,97,11/4/2022,2,175076,796,0.004546597,274.50,1.567890516,Rent To Own,Housing
399,97,11/4/2022,3,175184,199,0.001135948,735.00,4.195588638,Injury Claim,Housing
837,97,11/4/2022,4,175182,618,0.00352776,751.00,4.286970123,Survey,Housing
699,76,11/5/2022,2,127179,431,0.003388924,1104.00,8.680678414,Credit Card,Credit Card
950,97,11/5/2022,5,175045,208,0.001188266,1425.00,8.140763804,Life Insurance,Housing
789,97,11/5/2022,2,174906,325,0.001858141,1638.00,9.365030359,Employment,Housing
227,97,11/5/2022,3,174993,340,0.001942935,545.00,3.114410291,Credit Repair,Housing
543,54,11/5/2022,2,202300,384,0.001898171,236.00,1.166584281,Credit Score,Mortgage
551,54,11/5/2022,3,201809,202,0.001000946,168.00,0.832470306,Home Financing,Mortgage
385,54,11/5/2022,4,201666,72,0.000357026,1355.00,6.719030476,Home Security,Mortgage
140,30,11/5/2022,2,144858,155,0.001070013,1464.00,10.10644907,Auto Warranty,Lending
176,30,11/5/2022,3,144774,197,0.001360742,1020.00,7.045463965,Home Security,Lending
250,76,11/5/2022,3,126299,418,0.003309607,685.71,5.429259139,Credit Card,Credit Card
837,76,11/5/2022,4,127275,586,0.004604203,883.00,6.937733255,Survey,Credit Card
752,97,11/5/2022,4,174983,265,0.001514433,736.00,4.206122881,Health,Housing
223,76,11/6/2022,5,127663,311,0.002436101,1305.00,10.2222257,Auto Purchase,Credit Card
534,76,11/6/2022,3,127637,496,0.003886021,483.44,3.787616444,Bank Account,Credit Card
885,97,11/6/2022,3,174884,208,0.00118936,1485.00,8.491342833,Education,Housing
1000,97,11/6/2022,4,174894,724,0.00413965,630.00,3.602181893,Credit Card,Housing
222,97,11/6/2022,5,174904,685,0.003916434,488.99,2.795762247,Loan,Housing
685,97,11/6/2022,2,174824,120,0.000686405,0.00,0,Tax Debt,Housing
885,54,11/6/2022,2,201425,62,0.000307807,720.00,3.574531463,Education,Mortgage
962,54,11/6/2022,3,201308,237,0.0011773,276.00,1.371033441,Home Financing,Mortgage
837,54,11/6/2022,4,201166,120,0.000596522,1882.00,9.355457682,Survey,Mortgage
772,30,11/6/2022,2,144690,702,0.004851752,632.71,4.372866128,Loan,Lending
656,30,11/6/2022,3,144614,3911,0.027044408,4720.00,32.63861037,Credit Card,Lending
540,76,11/6/2022,2,127572,373,0.002923839,480.00,3.762581131,Credit Card,Credit Card
246,76,11/6/2022,4,127653,283,0.002216948,119.20,0.933781423,Loan,Credit Card
789,76,11/7/2022,4,128220,48,0.000374357,296.00,2.30853221,Employment,Credit Card
767,97,11/7/2022,5,174750,301,0.001722461,500.00,2.861230329,Beauty,Housing
654,54,11/7/2022,2,201312,50,0.000248371,70.50,0.35020267,Healthcare,Mortgage
739,30,11/7/2022,2,144523,1487,0.01028902,1344.00,9.299557856,Credit Card,Lending
540,30,11/7/2022,3,144441,1284,0.008889443,2040.00,14.12341371,Credit Card,Lending
351,76,11/7/2022,2,128072,691,0.005395403,900.00,7.027297145,Credit Card,Credit Card
305,76,11/7/2022,3,127186,16,0.0001258,210.00,1.651125124,Home Security,Credit Card
861,97,11/7/2022,2,174666,202,0.001156493,1200.00,6.87025523,Education,Housing
140,97,11/7/2022,3,174729,274,0.001568143,1014.00,5.803272496,Auto Warranty,Housing
687,97,11/7/2022,4,174745,790,0.004520873,270.60,1.548542161,Rent To Own,Housing
1000,76,11/8/2022,2,128952,1489,0.011546932,940.00,7.28953409,Credit Card,Credit Card
573,97,11/8/2022,5,174557,115,0.000658811,420.00,2.406090847,Education,Housing
699,97,11/8/2022,4,174567,771,0.004416642,1104.00,6.324219354,Credit Card,Housing
256,97,11/8/2022,3,152813,605,0.003959087,810.30,5.302559337,Credit Card,Housing
227,54,11/8/2022,2,200422,171,0.0008532,390.00,1.945894163,Credit Repair,Mortgage
227,54,11/8/2022,2,100497,176,0.001751296,910.00,9.054996667,Credit Repair,Mortgage
839,54,11/8/2022,3,100426,416,0.004142354,288.00,2.867783243,Home Financing,Mortgage
619,54,11/8/2022,4,100330,223,0.002222665,1338.40,13.33997807,Life Insurance,Mortgage
250,30,11/8/2022,2,119474,429,0.003590739,1370.00,11.46693004,Credit Card,Lending
1000,30,11/8/2022,3,144409,2337,0.016183202,1500.00,10.38716423,Credit Card,Lending
619,76,11/8/2022,3,129011,69,0.000534838,313.00,2.426149708,Life Insurance,Credit Card
385,76,11/8/2022,4,129069,28,0.000216938,525.00,4.067591753,Home Security,Credit Card
687,97,11/8/2022,2,174518,941,0.005391994,311.70,1.786062183,Rent To Own,Housing
467,76,11/9/2022,4,129665,37,0.000285351,1231.00,9.493695292,Identity Protection,Credit Card
656,76,11/9/2022,2,129219,675,0.00522369,780.00,6.036264017,Credit Card,Credit Card
842,97,11/9/2022,3,174423,129,0.000739581,1123.00,6.438371086,Identity Protection,Housing
413,97,11/9/2022,5,174548,170,0.000973944,0.00,0,Injury Claim,Housing
726,97,11/9/2022,4,174535,203,0.00116309,804.00,4.606525912,Home Financing,Housing
963,97,11/9/2022,2,174374,274,0.001571335,700.00,4.014359939,Structured Settlement,Housing
116,54,11/9/2022,2,199498,186,0.00093234,341.40,1.711295351,Home Delivery,Mortgage
116,54,11/9/2022,2,101747,163,0.001602013,796.60,7.829223466,Home Delivery,Mortgage
964,54,11/9/2022,3,101696,575,0.005654106,1044.00,10.2658905,Home Financing,Mortgage
140,54,11/9/2022,4,101561,195,0.001920028,1779.40,17.52050492,Auto Warranty,Mortgage
446,30,11/9/2022,2,144493,271,0.001875523,964.14,6.672572374,Loan,Lending
227,30,11/9/2022,3,144476,135,0.000934411,1300.00,8.998034276,Credit Repair,Lending
256,76,11/9/2022,3,128655,1425,0.011076134,2464.40,19.15510474,Credit Card,Credit Card
435,97,11/10/2022,5,174445,206,0.001180888,420.00,2.407635644,Education,Housing
687,97,11/10/2022,2,174392,2205,0.012643929,845.70,4.849419698,Rent To Own,Housing
227,76,11/10/2022,3,129650,113,0.000871577,700.00,5.399151562,Credit Repair,Credit Card
169,76,11/10/2022,2,130318,1608,0.012339048,1620.00,12.43113001,Credit Card,Credit Card
340,54,11/10/2022,2,102386,145,0.001416209,1378.30,13.46180142,Office Supplies,Mortgage
828,54,11/10/2022,3,102331,494,0.004827472,1212.00,11.84391827,Home Financing,Mortgage
840,54,11/10/2022,4,102223,307,0.003003238,1290.10,12.62044745,Injury Claim,Mortgage
840,30,11/10/2022,2,144599,994,0.006874183,1070.00,7.399774549,Injury Claim,Lending
351,30,11/10/2022,3,144555,1156,0.007996956,810.00,5.603403549,Credit Card,Lending
952,76,11/10/2022,4,130428,241,0.001847763,338.00,2.59146809,Shopping,Credit Card
969,76,11/10/2022,5,130478,151,0.001157283,60.10,0.46061405,Loan,Credit Card
840,97,11/10/2022,3,174458,341,0.001954625,735.00,4.213048413,Injury Claim,Housing
619,97,11/10/2022,4,174391,132,0.00075692,637.00,3.652711436,Life Insurance,Housing
558,97,11/11/2022,3,174333,139,0.000797325,570.00,3.269604722,Home Sale,Housing
999,76,11/11/2022,4,131092,277,0.00211302,204.20,1.557684679,Loan,Credit Card
182,97,11/11/2022,4,174328,235,0.001348034,990.00,5.678950025,Auto Insurance,Housing
789,97,11/11/2022,2,174292,281,0.001612237,836.00,4.796548321,Employment,Housing
353,97,11/11/2022,5,174412,193,0.001106575,234.00,1.341650804,Debt,Housing
256,54,11/11/2022,2,200027,153,0.000764897,390.15,1.950486684,Credit Card,Mortgage
256,54,11/11/2022,2,102693,219,0.00213257,0.00,0,Credit Card,Mortgage
787,54,11/11/2022,3,199908,274,0.00137063,492.00,2.461132121,Home Financing,Mortgage
787,54,11/11/2022,3,102286,461,0.004506971,0.00,0,Home Financing,Mortgage
176,54,11/11/2022,4,198852,109,0.000548146,2310.00,11.61667974,Home Security,Mortgage
176,54,11/11/2022,4,102589,340,0.003314195,0.00,0,Home Security,Mortgage
385,30,11/11/2022,2,144435,123,0.000851594,1425.00,9.866029702,Home Security,Lending
256,30,11/11/2022,3,119465,1686,0.01411292,2686.20,22.48524672,Credit Card,Lending
840,76,11/11/2022,2,130913,340,0.002597145,865.00,6.607441583,Injury Claim,Credit Card
140,76,11/11/2022,3,131033,128,0.000976853,692.00,5.281112392,Auto Warranty,Credit Card
920,76,11/12/2022,3,131651,93,0.000706413,540.00,4.10175388,Education,Credit Card
938,76,11/12/2022,2,131567,1330,0.010108918,540.00,4.104372677,Credit Card,Credit Card
837,97,11/12/2022,3,174409,884,0.005068546,841.00,4.821998865,Survey,Housing
232,54,11/12/2022,2,199586,571,0.002860922,349.80,1.75262794,Shopping,Mortgage
232,54,11/12/2022,2,102618,259,0.002523924,816.20,7.953770294,Shopping,Mortgage
869,54,11/12/2022,3,199700,429,0.002148222,1140.00,5.708562844,Home Financing,Mortgage
869,54,11/12/2022,3,102890,514,0.004995626,0.00,0,Home Financing,Mortgage
699,54,11/12/2022,4,199544,232,0.001162651,912.00,4.570420559,Credit Card,Mortgage
699,54,11/12/2022,4,102516,215,0.002097234,0.00,0,Credit Card,Mortgage
837,30,11/12/2022,2,144433,1030,0.007131334,1096.00,7.588293534,Survey,Lending
347,30,11/12/2022,3,144397,765,0.005297894,627.63,4.346558447,Loan,Lending
837,76,11/12/2022,4,131714,1188,0.009019542,918.00,6.969646355,Survey,Credit Card
687,97,11/12/2022,2,174368,1910,0.010953845,654.60,3.754129198,Rent To Own,Housing
255,97,11/12/2022,4,174401,698,0.004002271,413.00,2.368105687,Credit Score,Housing
176,97,11/12/2022,5,174405,136,0.000779794,637.00,3.652418222,Home Security,Housing
659,97,11/13/2022,5,174171,472,0.00270998,432.00,2.480321064,Loan,Housing
109,97,11/13/2022,3,174162,870,0.004995349,327.82,1.88227053,Home Financing,Housing
178,54,11/13/2022,2,199057,224,0.001125306,600.00,3.01421201,Health,Mortgage
178,54,11/13/2022,2,102806,181,0.001760598,50.00,0.486352937,Health,Mortgage
865,54,11/13/2022,3,301672,1030,0.003414304,924.00,3.062929274,Home Financing,Mortgage
413,54,11/13/2022,4,301916,788,0.002609997,1200.00,3.974615456,Injury Claim,Mortgage
911,30,11/13/2022,2,144486,79,0.000546766,1040.00,7.197929211,Employment,Lending
879,30,11/13/2022,3,144459,1561,0.010805834,1190.00,8.237631439,Shopping,Lending
250,76,11/13/2022,2,109571,868,0.007921804,685.71,6.258133995,Credit Card,Credit Card
255,76,11/13/2022,3,132430,203,0.001532885,177.00,1.336555161,Credit Score,Credit Card
861,76,11/13/2022,4,132473,27,0.000203815,200.00,1.509741608,Education,Credit Card
1000,97,11/13/2022,2,174142,694,0.003985253,600.00,3.445464047,Credit Card,Housing
866,97,11/13/2022,4,174189,265,0.001521336,595.00,3.415829932,Personal Care,Housing
432,76,11/14/2022,2,132949,1120,0.008424283,679.00,5.107221566,Credit Card,Credit Card
222,97,11/14/2022,5,174059,836,0.004802969,382.14,2.195462458,Loan,Housing
767,97,11/14/2022,4,174049,263,0.001511069,280.00,1.608742366,Beauty,Housing
837,54,11/14/2022,2,196775,1187,0.00603227,568.20,2.887561936,Survey,Mortgage
837,54,11/14/2022,2,103177,500,0.004846041,1325.80,12.84976303,Survey,Mortgage
838,54,11/14/2022,3,197934,356,0.001798579,816.00,4.122586317,Home Financing,Mortgage
838,54,11/14/2022,3,103113,356,0.003452523,0.00,0,Home Financing,Mortgage
949,54,11/14/2022,4,196707,71,0.000360943,1373.40,6.981957937,Identity Protection,Mortgage
949,54,11/14/2022,4,102940,152,0.001476588,1373.40,13.34175248,Identity Protection,Mortgage
140,30,11/14/2022,2,144474,206,0.001425862,1939.00,13.42109999,Auto Warranty,Lending
413,30,11/14/2022,3,144445,550,0.003807678,2400.00,16.61532071,Injury Claim,Lending
455,76,11/14/2022,3,133004,783,0.005887041,413.58,3.10953054,Shopping,Credit Card
390,76,11/14/2022,4,133048,63,0.000473513,855.00,6.42625218,Auto Warranty,Credit Card
687,97,11/14/2022,2,174005,1370,0.007873337,499.20,2.868883078,Rent To Own,Housing
227,97,11/14/2022,3,174034,281,0.001614627,545.00,3.131571992,Credit Repair,Housing
861,97,11/15/2022,4,174072,207,0.001189163,750.00,4.308561974,Education,Housing
719,76,11/15/2022,2,133461,442,0.003311829,780.00,5.844403983,Credit Card,Credit Card
406,97,11/15/2022,5,174066,132,0.000758333,584.00,3.355049234,Identity Protection,Housing
699,97,11/15/2022,3,174021,367,0.002108941,480.00,2.758287793,Credit Card,Housing
140,54,11/15/2022,2,196271,184,0.000937479,0.00,,Auto Warranty,Mortgage
140,54,11/15/2022,2,102957,199,0.001932846,1248.10,12.12253659,Auto Warranty,Mortgage
551,54,11/15/2022,3,196799,156,0.000792687,156.00,0.792686955,Home Financing,Mortgage
551,54,11/15/2022,3,102905,321,0.003119382,216.00,2.099023371,Home Financing,Mortgage
258,54,11/15/2022,4,197366,168,0.00085121,0.00,,Life Insurance,Mortgage
258,54,11/15/2022,4,102799,187,0.001819084,900.90,8.763703927,Life Insurance,Mortgage
263,54,11/15/2022,6,163365,182,0.00111407,390.00,2.38729226,Auto Insurance,Mortgage
575,30,11/15/2022,2,119756,790,0.006596747,2032.15,16.96908714,Credit Card,Lending
690,30,11/15/2022,3,144559,685,0.00473855,700.00,4.842313519,Credit Card,Lending
619,76,11/15/2022,3,133558,37,0.000277033,586.00,4.387606882,Life Insurance,Credit Card
413,76,11/15/2022,4,133605,274,0.002050821,400.00,2.993899929,Injury Claim,Credit Card
168,97,11/15/2022,2,173956,110,0.000632344,880.00,5.058750489,Home Financing,Housing
467,97,11/16/2022,5,173353,104,0.000599932,825.00,4.759075413,Identity Protection,Housing
166,76,11/16/2022,4,134162,546,0.004069707,434.00,3.234895127,Shopping,Credit Card
227,76,11/16/2022,3,134121,80,0.000596476,700.00,5.219167766,Credit Repair,Credit Card
467,54,11/16/2022,2,197321,66,0.00033448,0.00,,Identity Protection,Mortgage
467,54,11/16/2022,2,103041,128,0.001242224,1052.80,10.21729215,Identity Protection,Mortgage
962,54,11/16/2022,3,196815,122,0.000619871,132.00,0.670680588,Home Financing,Mortgage
962,54,11/16/2022,3,103321,272,0.002632572,228.00,2.206714995,Home Financing,Mortgage
771,54,11/16/2022,4,196988,75,0.000380734,208.00,1.055901882,Debt,Mortgage
771,54,11/16/2022,4,103268,250,0.002420885,338.00,3.273037146,Debt,Mortgage
822,30,11/16/2022,2,144772,346,0.002389965,260.24,1.797585168,Loan,Lending
542,30,11/16/2022,3,144686,205,0.001416861,192.00,1.327011598,Health,Lending
432,30,11/16/2022,4,144689,974,0.00673168,588.00,4.063888755,Credit Card,Lending
112,76,11/16/2022,2,134056,34,0.000253625,644.00,4.803962523,Identity Protection,Credit Card
687,97,11/16/2022,2,173647,1192,0.006864501,418.50,2.410061792,Rent To Own,Housing
485,97,11/16/2022,3,152341,271,0.001778904,800.00,5.251376845,Credit Card,Housing
140,97,11/16/2022,4,173811,267,0.001536151,921.00,5.298859106,Auto Warranty,Housing
401,97,11/17/2022,4,173693,282,0.001623554,804.00,4.628856661,Debt,Housing
789,97,11/17/2022,2,173638,313,0.001802601,2128.00,12.25538189,Employment,Housing
227,54,11/17/2022,2,196904,165,0.000837972,390.00,1.980660626,Credit Repair,Mortgage
227,54,11/17/2022,2,103150,176,0.001706253,910.00,8.822103732,Credit Repair,Mortgage
614,54,11/17/2022,3,197031,222,0.001126726,360.00,1.827123651,Home Financing,Mortgage
614,54,11/17/2022,3,103227,329,0.003187151,216.00,2.092475806,Home Financing,Mortgage
430,54,11/17/2022,4,195843,195,0.000995696,0.00,,Home Improvement,Mortgage
430,54,11/17/2022,4,102917,187,0.001816998,801.50,7.787829027,Home Improvement,Mortgage
169,30,11/17/2022,2,144814,1040,0.007181626,1320.00,9.115140801,Credit Card,Lending
176,30,11/17/2022,3,144565,111,0.000767821,540.00,3.735343963,Home Security,Lending
344,30,11/17/2022,4,144758,382,0.002638887,269.75,1.86345487,Loan,Lending
399,76,11/17/2022,2,133699,32,0.000239344,896.00,6.701620805,Injury Claim,Credit Card
140,76,11/17/2022,3,133721,89,0.000665565,808.00,6.04243163,Auto Warranty,Credit Card
256,76,11/17/2022,4,113175,597,0.005275017,1257.65,11.11243649,Credit Card,Credit Card
619,97,11/17/2022,3,173598,136,0.000783419,613.00,3.531146672,Life Insurance,Housing
540,97,11/17/2022,5,173732,563,0.003240623,780.00,4.48967375,Credit Card,Housing
699,76,11/18/2022,2,134319,1178,0.008770167,1872.00,13.93697094,Credit Card,Credit Card
953,76,11/18/2022,3,134153,91,0.00067833,100.00,0.745417546,Credit Score,Credit Card
159,97,11/18/2022,5,173886,149,0.000856883,728.00,4.186651024,Home Security,Housing
399,54,11/18/2022,2,194709,66,0.000338967,0.00,,Injury Claim,Mortgage
399,54,11/18/2022,2,103847,156,0.00150221,1337.00,12.87470991,Injury Claim,Mortgage
839,54,11/18/2022,3,194669,157,0.000806497,192.00,0.986289548,Home Financing,Mortgage
839,54,11/18/2022,3,103785,196,0.00188852,72.00,0.69374187,Home Financing,Mortgage
117,54,11/18/2022,4,194634,196,0.001007018,880.00,4.521306658,Home Sale,Mortgage
117,54,11/18/2022,4,103702,191,0.001841816,55.00,0.530365856,Home Sale,Mortgage
166,30,11/18/2022,2,140783,473,0.003359781,504.00,3.579977696,Shopping,Lending
656,30,11/18/2022,3,143774,2646,0.018403884,2052.00,14.27239974,Credit Card,Lending
719,30,11/18/2022,4,144727,527,0.003641339,1080.00,7.46232562,Credit Card,Lending
879,76,11/18/2022,4,133321,2277,0.01707908,1862.00,13.96629188,Shopping,Credit Card
687,97,11/18/2022,2,173825,1389,0.007990795,467.40,2.688911261,Rent To Own,Housing
256,97,11/18/2022,3,153293,212,0.001382972,247.30,1.613250442,Credit Card,Housing
399,97,11/18/2022,4,173855,97,0.000557936,901.00,5.182479653,Injury Claim,Housing
547,76,11/19/2022,2,134175,772,0.00575368,364.00,2.712874977,Credit Card,Credit Card
573,97,11/19/2022,5,173552,157,0.000904628,294.00,1.694016779,Education,Housing
750,97,11/19/2022,2,173308,542,0.00312738,1650.00,9.520622245,Auto Purchase,Housing
328,54,11/19/2022,2,194293,165,0.000849233,660.00,3.396931439,Home Warranty,Mortgage
328,54,11/19/2022,2,103922,397,0.003820173,1045.00,10.05561864,Home Warranty,Mortgage
964,54,11/19/2022,3,194267,165,0.000849347,144.00,0.74124787,Home Financing,Mortgage
964,54,11/19/2022,3,103869,268,0.002580173,288.00,2.772723334,Home Financing,Mortgage
176,54,11/19/2022,4,194238,93,0.000478794,1155.00,5.946313286,Home Security,Mortgage
176,54,11/19/2022,4,103799,232,0.002235089,825.00,7.948053449,Home Security,Mortgage
575,30,11/19/2022,2,120263,328,0.002727356,705.85,5.86921996,Credit Card,Lending
145,30,11/19/2022,3,144755,1273,0.008794169,624.00,4.310731926,Shopping,Lending
739,30,11/19/2022,4,144697,814,0.005625549,616.00,4.257171883,Credit Card,Lending
978,76,11/19/2022,3,134728,335,0.002486491,226.66,1.682352592,Loan,Credit Card
919,76,11/19/2022,4,134745,24,0.000178114,63.00,0.467549816,Tax Debt,Credit Card
663,76,11/19/2022,4,134741,125,0.000927706,53.71,0.398616605,Loan,Credit Card
413,97,11/19/2022,3,173545,105,0.00060503,0.00,0,Injury Claim,Housing
543,97,11/19/2022,4,173559,1046,0.006026769,472.00,2.719536296,Credit Score,Housing
739,76,11/20/2022,2,135144,626,0.004632096,112.00,0.828745634,Credit Card,Credit Card
837,76,11/20/2022,3,135216,517,0.003823512,586.00,4.33380665,Survey,Credit Card
1000,97,11/20/2022,4,173105,732,0.004228647,350.00,2.021894226,Credit Card,Housing
220,97,11/20/2022,2,172918,1405,0.008125239,756.00,4.372014481,Survey,Housing
685,97,11/20/2022,5,173055,183,0.001057467,841.50,4.862615931,Tax Debt,Housing
913,54,11/20/2022,2,193838,121,0.000624233,462.00,2.383433589,Home Warranty,Mortgage
913,54,11/20/2022,2,103585,304,0.002934788,528.00,5.097263117,Home Warranty,Mortgage
828,54,11/20/2022,3,193842,52,0.00026826,60.00,0.309530442,Home Financing,Mortgage
828,54,11/20/2022,3,103533,224,0.002163561,84.00,0.811335516,Home Financing,Mortgage
438,54,11/20/2022,4,193826,1835,0.009467254,1015.00,5.236655557,Networking,Mortgage
438,54,11/20/2022,4,103456,437,0.004224018,1015.00,9.810934117,Networking,Mortgage
952,30,11/20/2022,2,144841,569,0.003928446,429.00,2.961868532,Shopping,Lending
837,30,11/20/2022,3,144866,1108,0.007648448,1623.00,11.20345699,Survey,Lending
540,30,11/20/2022,4,144838,581,0.004011378,780.00,5.385327055,Credit Card,Lending
717,76,11/20/2022,4,135254,270,0.001996244,223.70,1.653925207,Loan,Credit Card
866,97,11/20/2022,3,173129,150,0.000866406,290.00,1.675051551,Personal Care,Housing
698,97,11/21/2022,3,172790,204,0.001180624,960.00,5.555877076,Home Financing,Housing
840,54,11/21/2022,2,194794,808,0.004147972,0.00,,Injury Claim,Mortgage
840,54,11/21/2022,2,103240,522,0.00505618,1303.40,12.62495157,Injury Claim,Mortgage
787,54,11/21/2022,3,194149,324,0.001668821,312.00,1.60701317,Home Financing,Mortgage
787,54,11/21/2022,3,103870,477,0.004592279,240.00,2.310580533,Home Financing,Mortgage
140,54,11/21/2022,4,194600,94,0.000483042,0.00,,Auto Warranty,Mortgage
140,54,11/21/2022,4,103375,200,0.001934704,1257.20,12.16154776,Auto Warranty,Mortgage
227,30,11/21/2022,2,142749,75,0.000525398,1300.00,9.106893919,Credit Repair,Lending
140,30,11/21/2022,3,142977,199,0.001391832,2281.00,15.95361492,Auto Warranty,Lending
750,30,11/21/2022,4,145021,185,0.001275677,720.00,4.964798202,Auto Purchase,Lending
250,76,11/21/2022,2,114893,522,0.004543358,685.71,5.968248718,Credit Card,Credit Card
919,76,11/21/2022,3,132292,9,6.80313E-05,0.00,0,Tax Debt,Credit Card
840,76,11/21/2022,4,135779,46,0.000338786,929.00,6.842000604,Injury Claim,Credit Card
687,97,11/21/2022,2,172786,1261,0.007298045,487.50,2.821409142,Rent To Own,Housing
840,97,11/21/2022,4,172792,147,0.000850734,901.00,5.214361776,Injury Claim,Housing
598,97,11/21/2022,5,172795,539,0.003119303,496.59,2.873867878,Home Financing,Housing
540,76,11/22/2022,2,135600,573,0.004225664,540.00,3.982300885,Credit Card,Credit Card
227,76,11/22/2022,4,135935,56,0.000411962,700.00,5.149519991,Credit Repair,Credit Card
222,97,11/22/2022,3,172371,573,0.003324225,333.07,1.932285593,Loan,Housing
250,54,11/22/2022,2,192764,209,0.001084227,0.00,,Credit Card,Mortgage
250,54,11/22/2022,2,95134,195,0.00204974,758.80,7.976117897,Credit Card,Mortgage
869,54,11/22/2022,3,192731,227,0.001177807,228.00,1.182995989,Home Financing,Mortgage
869,54,11/22/2022,3,95083,281,0.002955313,108.00,1.135849731,Home Financing,Mortgage
619,54,11/22/2022,4,192660,90,0.000467144,0.00,,Life Insurance,Mortgage
619,54,11/22/2022,4,94972,199,0.002095354,900.90,9.485953755,Life Insurance,Mortgage
969,30,11/22/2022,2,145185,326,0.002245411,800.87,5.516203465,Loan,Lending
250,30,11/22/2022,3,120506,1468,0.012181966,1370.00,11.36872853,Credit Card,Lending
789,30,11/22/2022,4,145117,133,0.000916502,1204.00,8.296753654,Employment,Lending
563,76,11/22/2022,3,136057,114,0.000837884,100.15,0.736088551,Loan,Credit Card
687,97,11/22/2022,2,172398,1271,0.007372475,434.10,2.51801065,Rent To Own,Housing
109,97,11/22/2022,4,172336,1043,0.006052131,470.32,2.729087364,Home Financing,Housing
522,97,11/22/2022,5,172266,164,0.000952016,0.00,0,Life Insurance,Housing
169,76,11/23/2022,4,136723,1006,0.007357943,1440.00,10.53224403,Credit Card,Credit Card
950,97,11/23/2022,4,171943,131,0.00076188,450.00,2.61714638,Life Insurance,Housing
789,97,11/23/2022,2,171936,218,0.001267914,1386.00,8.061139028,Employment,Housing
527,54,11/23/2022,2,193844,131,0.000675801,0.00,0,Home Sale,Mortgage
527,54,11/23/2022,2,104053,216,0.002075865,0.00,0,Home Sale,Mortgage
865,54,11/23/2022,3,193990,255,0.001314501,372.00,1.91762462,Home Financing,Mortgage
865,54,11/23/2022,3,104333,361,0.003460075,132.00,1.265179761,Home Financing,Mortgage
278,54,11/23/2022,4,192282,76,0.000395253,0.00,,Identity Protection,Mortgage
278,54,11/23/2022,4,103809,139,0.001338998,892.50,8.597520446,Identity Protection,Mortgage
274,54,11/23/2022,6,163027,138,0.000846486,390.00,2.392241776,Auto Insurance,Mortgage
840,30,11/23/2022,2,145072,469,0.003232877,1070.00,7.375647954,Injury Claim,Lending
1000,30,11/23/2022,3,145227,2164,0.01490081,1104.00,7.60189221,Credit Card,Lending
938,30,11/23/2022,4,166404,1830,0.010997332,990.00,5.949376217,Credit Card,Lending
140,76,11/23/2022,2,136613,93,0.000680755,808.00,5.914517652,Auto Warranty,Credit Card
781,76,11/23/2022,3,136689,169,0.001236383,135.00,0.987643483,Credit Score,Credit Card
328,97,11/23/2022,3,171934,132,0.000767736,420.00,2.442797818,Home Warranty,Housing
176,97,11/23/2022,5,171940,164,0.000953821,455.00,2.646271955,Home Security,Housing
351,76,11/24/2022,2,136961,1282,0.009360329,900.00,6.571213703,Credit Card,Credit Card
435,97,11/24/2022,4,171699,151,0.000879446,120.00,0.698897489,Education,Housing
1000,76,11/24/2022,3,137030,1457,0.010632708,950.00,6.93278844,Credit Card,Credit Card
446,97,11/24/2022,5,171693,223,0.00129883,70.10,0.408286884,Loan,Housing
352,54,11/24/2022,2,193421,112,0.000579048,360.00,1.861224996,Home Warranty,Mortgage
352,54,11/24/2022,2,104251,145,0.001390874,216.00,2.071922571,Home Warranty,Mortgage
838,54,11/24/2022,3,192637,145,0.000752711,252.00,1.308159907,Home Financing,Mortgage
838,54,11/24/2022,3,104415,207,0.001982474,132.00,1.26418618,Home Financing,Mortgage
794,54,11/24/2022,4,192642,67,0.000347795,0.00,,Animal Product,Mortgage
794,54,11/24/2022,4,104575,160,0.001530002,907.90,8.681807315,Animal Product,Mortgage
689,30,11/24/2022,2,145130,101,0.000695928,320.00,2.204919727,Bank Account,Lending
351,30,11/24/2022,3,145098,630,0.004341893,360.00,2.481081752,Credit Card,Lending
863,30,11/24/2022,4,144994,363,0.002503552,247.85,1.709381078,Loan,Lending
390,76,11/24/2022,4,137058,32,0.000233478,630.00,4.596594143,Auto Warranty,Credit Card
687,97,11/24/2022,2,171717,594,0.00345918,213.90,1.245654187,Rent To Own,Housing
140,97,11/24/2022,3,171717,175,0.001019119,997.00,5.80606463,Auto Warranty,Housing
636,97,11/25/2022,3,171349,77,0.000449375,815.00,4.756374417,Identity Protection,Housing
767,97,11/25/2022,5,171364,237,0.001383021,620.00,3.618029458,Beauty,Housing
699,97,11/25/2022,4,171351,405,0.00236357,336.00,1.960887302,Credit Card,Housing
636,54,11/25/2022,2,193097,38,0.000196792,0.00,,Identity Protection,Mortgage
636,54,11/25/2022,2,104319,133,0.001274936,1199.10,11.49455037,Identity Protection,Mortgage
551,54,11/25/2022,3,192528,335,0.001740007,192.00,0.997257542,Home Financing,Mortgage
551,54,11/25/2022,3,104589,309,0.002954422,72.00,0.688408915,Home Financing,Mortgage
522,54,11/25/2022,4,192934,111,0.000575326,444.00,2.30130511,Life Insurance,Mortgage
522,54,11/25/2022,4,104380,148,0.001417896,129.50,1.24065913,Life Insurance,Mortgage
115,30,11/25/2022,2,144566,1619,0.011199037,615.00,4.254112309,Credit Card,Lending
758,30,11/25/2022,3,144926,1779,0.01227523,700.00,4.830051199,Credit Card,Lending
895,30,11/25/2022,4,144876,608,0.004196692,270.35,1.866078578,Loan,Lending
656,76,11/25/2022,2,137636,1882,0.013673748,1450.00,10.53503444,Credit Card,Credit Card
789,76,11/25/2022,3,137806,112,0.000812737,1100.00,7.982235897,Employment,Credit Card
999,76,11/25/2022,4,137914,316,0.002291283,201.70,1.462505619,Loan,Credit Card
278,97,11/25/2022,2,171339,115,0.000671184,613.00,3.577702683,Identity Protection,Housing
573,76,11/26/2022,4,138489,82,0.000592105,630.00,4.549097762,Education,Credit Card
269,97,11/26/2022,4,170995,1567,0.009164011,700.00,4.09368695,Survey,Housing
427,97,11/26/2022,5,171000,82,0.000479532,725.00,4.239766082,Home Sale,Housing
227,97,11/26/2022,3,170991,163,0.000953267,545.00,3.187302256,Credit Repair,Housing
789,54,11/26/2022,2,192683,322,0.001671139,1044.00,5.418225791,Employment,Mortgage
789,54,11/26/2022,2,104251,180,0.001726602,132.00,1.266174905,Employment,Mortgage
962,54,11/26/2022,3,192487,362,0.001880646,312.00,1.620888683,Home Financing,Mortgage
962,54,11/26/2022,3,104751,260,0.002482077,96.00,0.916459031,Home Financing,Mortgage
427,54,11/26/2022,4,103937,201,0.001933864,856.10,8.236720321,Home Sale,Mortgage
256,30,11/26/2022,2,133909,1172,0.008752212,1758.40,13.13130559,Credit Card,Lending
547,30,11/26/2022,3,144860,1561,0.010775922,1176.00,8.118183073,Credit Card,Lending
311,30,11/26/2022,4,144825,730,0.005040566,608.25,4.199896427,Credit Card,Lending
432,76,11/26/2022,2,138444,743,0.005366791,434.00,3.134841524,Credit Card,Credit Card
952,76,11/26/2022,3,138501,1122,0.008101025,1391.00,10.04324879,Shopping,Credit Card
687,97,11/26/2022,2,171003,818,0.004783542,311.10,1.819266329,Rent To Own,Housing
719,76,11/27/2022,2,138956,577,0.004152394,810.00,5.829183339,Credit Card,Credit Card
866,97,11/27/2022,5,80786,56,0.000693189,160.00,1.980541183,Personal Care,Housing
573,97,11/27/2022,3,170568,102,0.000598002,225.00,1.319121992,Education,Housing
750,97,11/27/2022,4,149792,241,0.001608898,1755.00,11.71624653,Auto Purchase,Housing
140,54,11/27/2022,2,192276,200,0.001040171,0.00,,Auto Warranty,Mortgage
140,54,11/27/2022,2,104188,225,0.002159558,1260.70,12.10024187,Auto Warranty,Mortgage
614,54,11/27/2022,3,191043,138,0.00072235,228.00,1.193448595,Home Financing,Mortgage
614,54,11/27/2022,3,104435,289,0.002767272,396.00,3.79183224,Home Financing,Mortgage
863,54,11/27/2022,4,192621,102,0.000529537,73.90,0.383654949,Loan,Mortgage
863,54,11/27/2022,4,104726,400,0.003819491,217.79,2.079617287,Loan,Mortgage
140,30,11/27/2022,2,144828,123,0.000849283,2281.00,15.74971691,Auto Warranty,Lending
255,30,11/27/2022,3,145049,400,0.002757689,472.00,3.254072762,Credit Score,Lending
772,30,11/27/2022,4,145026,344,0.002371988,745.67,5.141629777,Loan,Lending
250,76,11/27/2022,3,106333,916,0.008614447,685.71,6.448703601,Credit Card,Credit Card
543,97,11/27/2022,2,170588,516,0.003024832,413.00,2.421037822,Credit Score,Housing
794,97,11/28/2022,5,47248,32,0.000677277,613.00,12.97409414,Animal Product,Housing
969,76,11/28/2022,2,139824,154,0.001101385,107.75,0.770611626,Loan,Credit Card
861,76,11/28/2022,4,140022,42,0.000299953,300.00,2.142520461,Education,Credit Card
944,97,11/28/2022,4,170205,106,0.000622778,613.00,3.60153932,Life Insurance,Housing
227,54,11/28/2022,2,190405,148,0.000777291,650.00,3.413775899,Credit Repair,Mortgage
227,54,11/28/2022,2,104304,206,0.001974996,650.00,6.231784016,Credit Repair,Mortgage
839,54,11/28/2022,3,190376,390,0.002048578,576.00,3.025591461,Home Financing,Mortgage
839,54,11/28/2022,3,104193,356,0.003416736,240.00,2.303417696,Home Financing,Mortgage
176,54,11/28/2022,4,190293,86,0.000451935,1155.00,6.069587426,Home Security,Mortgage
176,54,11/28/2022,4,104075,206,0.001979342,990.00,9.512370886,Home Security,Mortgage
446,30,11/28/2022,2,145147,335,0.002308005,727.58,5.012711251,Loan,Lending
952,30,11/28/2022,3,145239,261,0.001797038,247.00,1.700645144,Shopping,Lending
490,30,11/28/2022,4,145202,1115,0.007678958,1574.10,10.84075977,Auto Loan,Lending
255,76,11/28/2022,3,139986,632,0.004514737,590.00,4.214707185,Credit Score,Credit Card
687,97,11/28/2022,2,170239,528,0.003101522,283.20,1.663543606,Rent To Own,Housing
250,97,11/28/2022,3,45917,73,0.001589825,428.57,9.333580155,Credit Card,Housing
390,76,11/29/2022,4,140584,35,0.000248961,450.00,3.20093325,Auto Warranty,Credit Card
789,97,11/29/2022,2,170014,129,0.000758761,0.00,0,Employment,Housing
619,54,11/29/2022,2,104477,212,0.002029155,896.00,8.576050231,Life Insurance,Mortgage
964,54,11/29/2022,3,62941,83,0.001318695,216.00,3.431785323,Home Financing,Mortgage
964,54,11/29/2022,3,104438,300,0.002872518,288.00,2.757616959,Home Financing,Mortgage
390,54,11/29/2022,4,62931,16,0.000254247,315.00,5.005482195,Auto Warranty,Mortgage
390,54,11/29/2022,4,104349,143,0.001370401,405.00,3.881206336,Auto Warranty,Mortgage
837,30,11/29/2022,2,145344,376,0.002586966,1689.00,11.62070674,Survey,Lending
462,30,11/29/2022,3,145365,1101,0.007574038,385.00,2.648505486,Credit Card,Lending
169,30,11/29/2022,4,145339,954,0.006563964,1380.00,9.495042624,Credit Card,Lending
837,76,11/29/2022,2,140508,1070,0.007615225,586.00,4.170581035,Survey,Credit Card
455,76,11/29/2022,3,140468,663,0.004719936,515.44,3.669447846,Shopping,Credit Card
109,97,11/29/2022,3,170018,816,0.004799492,502.31,2.954451882,Home Financing,Housing
1000,97,11/29/2022,4,72260,134,0.001854415,300.00,4.151674509,Credit Card,Housing
540,97,11/29/2022,5,65791,108,0.001641562,240.00,3.647915368,Credit Card,Housing
636,76,11/30/2022,2,139484,37,0.000265263,919.00,6.588569298,Identity Protection,Credit Card
169,76,11/30/2022,4,140606,974,0.006927158,1170.00,8.321124276,Credit Card,Credit Card
159,97,11/30/2022,5,54563,37,0.000678115,273.00,5.003390576,Home Security,Housing
574,54,11/30/2022,2,104803,130,0.001240423,0.00,0,Life Insurance,Mortgage
828,54,11/30/2022,3,62616,70,0.001117925,192.00,3.066308931,Home Financing,Mortgage
828,54,11/30/2022,3,104731,271,0.002587582,204.00,1.947847342,Home Financing,Mortgage
542,54,11/30/2022,4,62609,190,0.003034707,238.00,3.80137041,Health,Mortgage
542,54,11/30/2022,4,104634,294,0.002809794,170.00,1.624710897,Health,Mortgage
250,30,11/30/2022,2,111059,398,0.003583681,1370.00,12.33578548,Credit Card,Lending
636,30,11/30/2022,3,144318,42,0.000291024,1826.00,12.65261437,Identity Protection,Lending
789,30,11/30/2022,4,145267,41,0.000282239,814.00,5.603474981,Employment,Lending
919,76,11/30/2022,3,134473,33,0.000245402,378.00,2.810973207,Tax Debt,Credit Card
687,97,11/30/2022,2,169758,543,0.003198671,251.10,1.479164458,Rent To Own,Housing
598,97,11/30/2022,3,169802,138,0.000812711,258.17,1.520417898,Home Financing,Housing
140,97,11/30/2022,4,100183,83,0.000828484,921.00,9.193176487,Auto Warranty,Housing
789,76,12/1/2022,2,141617,99,0.000699069,1798.00,12.69621585,Employment,Credit Card
272,97,12/1/2022,3,169179,267,0.00157821,589.00,3.481519574,Auto Sale,Housing
952,76,12/1/2022,3,141086,725,0.00513871,637.00,4.514976681,Shopping,Credit Card
690,76,12/1/2022,4,141712,513,0.003620018,476.00,3.358925144,Credit Card,Credit Card
401,97,12/1/2022,4,169408,188,0.001109747,469.00,2.768464299,Debt,Housing
685,97,12/1/2022,2,167880,122,0.00072671,280.50,1.670836312,Tax Debt,Housing
885,54,12/1/2022,2,105039,164,0.001561325,395.00,3.760508002,Education,Mortgage
787,54,12/1/2022,3,59949,93,0.001551319,192.00,3.202722314,Home Financing,Mortgage
787,54,12/1/2022,3,104945,371,0.003535185,264.00,2.515603411,Home Financing,Mortgage
328,54,12/1/2022,4,59939,96,0.001601628,935.00,15.59919251,Home Warranty,Mortgage
328,54,12/1/2022,4,104843,415,0.0039583,1210.00,11.54106617,Home Warranty,Mortgage
766,30,12/1/2022,2,145513,71,0.000487929,1306.00,8.975143114,Injury Claim,Lending
656,30,12/1/2022,3,143181,1741,0.012159435,2612.00,18.24264393,Credit Card,Lending
719,30,12/1/2022,4,176207,854,0.004846572,1920.00,10.8962754,Credit Card,Lending
255,97,12/1/2022,5,169418,833,0.004916833,708.00,4.179012856,Credit Score,Housing
328,97,12/2/2022,5,169250,70,0.000413589,105.00,0.620384047,Home Warranty,Housing
767,97,12/2/2022,4,169309,356,0.002102664,360.00,2.126289801,Beauty,Housing
699,97,12/2/2022,3,169278,749,0.004424674,912.00,5.387587282,Credit Card,Housing
766,54,12/2/2022,2,130478,34,0.00026058,0.00,,Injury Claim,Mortgage
766,54,12/2/2022,2,105294,147,0.001396091,847.00,8.044143066,Injury Claim,Mortgage
869,54,12/2/2022,3,188964,522,0.002762431,372.00,1.968628945,Home Financing,Mortgage
869,54,12/2/2022,3,105229,563,0.005350236,240.00,2.2807401,Home Financing,Mortgage
117,54,12/2/2022,4,130385,165,0.001265483,935.00,7.171070292,Home Sale,Mortgage
117,54,12/2/2022,4,105107,217,0.002064563,605.00,5.756039084,Home Sale,Mortgage
272,30,12/2/2022,2,176417,227,0.001286724,1150.00,6.518646162,Auto Sale,Lending
256,30,12/2/2022,3,119830,1074,0.008962697,2040.50,17.02829008,Credit Card,Lending
401,30,12/2/2022,4,152805,348,0.002277412,2070.00,13.54667714,Debt,Lending
766,76,12/2/2022,2,142342,56,0.000393419,656.00,4.608618679,Injury Claim,Credit Card
256,76,12/2/2022,3,112771,263,0.00233216,517.50,4.58894574,Credit Card,Credit Card
140,76,12/2/2022,4,142486,53,0.000371966,817.00,5.733896664,Auto Warranty,Credit Card
766,97,12/2/2022,2,169248,145,0.000856731,618.00,3.651446398,Injury Claim,Housing
885,97,12/3/2022,5,169140,182,0.001076032,1160.00,6.858223956,Education,Housing
140,97,12/3/2022,4,169137,233,0.001377581,737.00,4.357414404,Auto Warranty,Housing
534,76,12/3/2022,3,142625,237,0.0016617,279.58,1.960245399,Bank Account,Credit Card
222,97,12/3/2022,3,169131,558,0.003299218,533.00,3.15140335,Loan,Housing
982,54,12/3/2022,2,130341,179,0.001373321,1540.00,11.81516177,Home Security,Mortgage
982,54,12/3/2022,2,105431,222,0.002105643,490.00,4.647589419,Home Security,Mortgage
865,54,12/3/2022,3,188485,292,0.001549195,264.00,1.400641961,Home Financing,Mortgage
865,54,12/3/2022,3,105384,280,0.00265695,192.00,1.821908449,Home Financing,Mortgage
913,54,12/3/2022,4,130324,172,0.001319788,561.00,4.304656088,Home Warranty,Mortgage
913,54,12/3/2022,4,105271,345,0.003277256,693.00,6.583009566,Home Warranty,Mortgage
347,30,12/3/2022,2,176542,563,0.003189043,460.87,2.610540268,Loan,Lending
1000,30,12/3/2022,3,153947,1846,0.01199114,1820.00,11.82225051,Credit Card,Lending
690,30,12/3/2022,4,176524,768,0.004350683,420.00,2.379279871,Credit Card,Lending
250,76,12/3/2022,2,113311,149,0.001314965,900.00,7.942741658,Credit Card,Credit Card
385,76,12/3/2022,4,143043,38,0.000265654,0.00,0,Home Security,Credit Card
687,97,12/3/2022,2,169080,409,0.002418973,147.90,0.874733854,Rent To Own,Housing
494,97,12/4/2022,5,168723,93,0.000551199,707.00,4.190300078,Identity Protection,Housing
699,76,12/4/2022,2,143477,2459,0.017138635,5280.00,36.8003234,Credit Card,Credit Card
812,76,12/4/2022,4,143589,13,9.05362E-05,800.00,5.571457424,Credit Repair,Credit Card
920,76,12/4/2022,3,143568,43,0.00029951,180.00,1.253761284,Education,Credit Card
789,97,12/4/2022,2,168737,279,0.001653461,1358.00,8.048027404,Employment,Housing
837,54,12/4/2022,2,130234,522,0.00400817,0.00,,Survey,Mortgage
837,54,12/4/2022,2,105645,486,0.004600312,447.50,4.23588433,Survey,Mortgage
838,54,12/4/2022,3,130214,98,0.000752607,96.00,0.737247915,Home Financing,Mortgage
838,54,12/4/2022,3,105581,191,0.001809038,120.00,1.136568133,Home Financing,Mortgage
438,54,12/4/2022,4,188094,1391,0.007395239,539.00,2.865588482,Networking,Mortgage
438,54,12/4/2022,4,105509,801,0.007591769,280.00,2.653802045,Networking,Mortgage
739,30,12/4/2022,2,176764,595,0.00336607,644.00,3.64327578,Credit Card,Lending
256,30,12/4/2022,3,123338,447,0.003624187,1241.25,10.0638084,Credit Card,Lending
140,30,12/4/2022,4,154593,83,0.000536894,1412.00,9.133660644,Auto Warranty,Lending
250,97,12/4/2022,3,147338,288,0.001954689,500.00,3.39355767,Credit Card,Housing
168,97,12/4/2022,4,168715,103,0.000610497,585.00,3.467385828,Home Financing,Housing
542,76,12/5/2022,3,143810,270,0.001877477,340.00,2.364230582,Health,Credit Card
282,97,12/5/2022,3,168565,303,0.001797526,589.00,3.49420105,Employment,Housing
656,76,12/5/2022,2,144046,657,0.004561043,468.00,3.248962137,Credit Card,Credit Card
963,97,12/5/2022,5,168557,218,0.001293331,336.00,1.99339096,Structured Settlement,Housing
495,97,12/5/2022,2,168491,288,0.00170929,589.00,3.495735677,Survey,Housing
947,54,12/5/2022,2,130018,40,0.00030765,0.00,,Identity Protection,Mortgage
947,54,12/5/2022,2,105805,137,0.001294835,749.00,7.079060536,Identity Protection,Mortgage
551,54,12/5/2022,3,105749,146,0.001380628,24.00,0.226952501,Home Financing,Mortgage
140,54,12/5/2022,4,130090,48,0.000368975,0.00,,Auto Warranty,Mortgage
140,54,12/5/2022,4,105681,188,0.001778939,779.80,7.378809814,Auto Warranty,Mortgage
365,30,12/5/2022,2,175711,37,0.000210573,1444.44,8.220543961,Credit Repair,Lending
837,30,12/5/2022,3,175716,1584,0.009014546,1130.00,6.430831569,Survey,Lending
540,30,12/5/2022,4,175681,481,0.002737917,1080.00,6.147505991,Credit Card,Lending
344,76,12/5/2022,4,143910,81,0.000562852,174.80,1.214648044,Loan,Credit Card
861,97,12/5/2022,4,168578,143,0.000848272,450.00,2.669387465,Education,Housing
494,76,12/6/2022,5,144709,27,0.000186581,785.00,5.424679875,Identity Protection,Credit Card
239,97,12/6/2022,5,168394,151,0.000896707,585.00,3.473995511,Home Delivery,Housing
837,76,12/6/2022,4,144725,161,0.001112455,654.00,4.518915184,Survey,Credit Card
619,54,12/6/2022,2,129954,165,0.00126968,0.00,,Life Insurance,Mortgage
619,54,12/6/2022,2,106023,240,0.00226366,626.50,5.909095196,Life Insurance,Mortgage
962,54,12/6/2022,3,187429,181,0.000965699,228.00,1.216460633,Home Financing,Mortgage
962,54,12/6/2022,3,105966,242,0.002283751,84.00,0.792707095,Home Financing,Mortgage
176,54,12/6/2022,4,131154,180,0.001372432,1980.00,15.09675648,Home Security,Mortgage
176,54,12/6/2022,4,105893,286,0.00270084,1155.00,10.90723655,Home Security,Mortgage
765,54,12/6/2022,5,111859,91,0.000813524,0.00,,Auto Insurance,Mortgage
789,30,12/6/2022,2,175817,27,0.000153569,0.00,0,Employment,Lending
256,30,12/6/2022,3,146408,277,0.001891973,670.00,4.576252664,Credit Card,Lending
498,30,12/6/2022,4,175776,50,0.000284453,1356.00,7.714363736,Identity Protection,Lending
952,76,12/6/2022,2,144691,260,0.001796933,247.00,1.707086135,Shopping,Credit Card
250,76,12/6/2022,3,115105,98,0.000851397,900.00,7.818947917,Credit Card,Credit Card
687,97,12/6/2022,2,168337,343,0.002037579,120.30,0.714637899,Rent To Own,Housing
619,97,12/6/2022,3,168331,212,0.001259423,599.00,3.558465167,Life Insurance,Housing
649,97,12/6/2022,4,167717,85,0.000506806,590.00,3.517830631,Life Insurance,Housing
573,97,12/7/2022,5,168193,366,0.002176072,420.00,2.497131272,Education,Housing
574,97,12/7/2022,4,168175,113,0.000671919,32.50,0.193251078,Life Insurance,Housing
365,54,12/7/2022,2,131067,71,0.000541708,433.33,3.306171653,Credit Repair,Mortgage
365,54,12/7/2022,2,106363,187,0.00175813,1011.11,9.506219268,Credit Repair,Mortgage
614,54,12/7/2022,3,187261,283,0.00151126,372.00,1.986532166,Home Financing,Mortgage
614,54,12/7/2022,3,106301,232,0.002182482,300.00,2.822174768,Home Financing,Mortgage
806,54,12/7/2022,4,131082,81,0.000617934,0.00,,Office Supplies,Mortgage
806,54,12/7/2022,4,106230,70,0.000658948,630.00,5.930528099,Office Supplies,Mortgage
811,30,12/7/2022,2,175804,162,0.000921481,1130.00,6.427612569,Employment,Lending
547,30,12/7/2022,3,175750,0,0,0.00,0,Credit Card,Lending
879,30,12/7/2022,4,175467,2237,0.012748836,3164.00,18.03188064,Shopping,Lending
887,76,12/7/2022,2,144925,122,0.000841815,654.00,4.512678972,Employment,Credit Card
401,76,12/7/2022,3,144111,56,0.000388589,45.00,0.3122593,Debt,Credit Card
490,76,12/7/2022,4,144955,210,0.001448725,227.70,1.570832327,Auto Loan,Credit Card
109,97,12/7/2022,2,168150,1282,0.007624145,422.69,2.51376747,Home Financing,Housing
807,97,12/7/2022,3,168142,124,0.000737472,1001.00,5.953301376,Home Security,Housing
115,76,12/8/2022,2,145017,1779,0.012267527,705.00,4.861498997,Credit Card,Credit Card
638,97,12/8/2022,3,167872,157,0.000935236,600.00,3.574151735,Office Supplies,Housing
630,54,12/8/2022,2,130851,42,0.000320976,150.00,1.146342023,Home Improvement,Mortgage
630,54,12/8/2022,2,106613,163,0.001528894,300.00,2.813915751,Home Improvement,Mortgage
839,54,12/8/2022,3,130842,328,0.00250684,240.00,1.834273398,Home Financing,Mortgage
839,54,12/8/2022,3,106544,470,0.004411323,288.00,2.703108575,Home Financing,Mortgage
808,54,12/8/2022,4,186889,287,0.001535671,604.80,3.23614552,Home Solar,Mortgage
808,54,12/8/2022,4,106443,290,0.002724463,378.68,3.557584811,Home Solar,Mortgage
256,30,12/8/2022,2,145492,939,0.006453963,2022.50,13.90110796,Credit Card,Lending
307,30,12/8/2022,3,175381,62,0.000353516,0.00,0,Loan,Lending
938,30,12/8/2022,4,175329,2137,0.012188514,2520.00,14.3729788,Credit Card,Lending
140,76,12/8/2022,3,145220,26,0.000179039,819.00,5.639719047,Auto Warranty,Credit Card
176,76,12/8/2022,4,145240,37,0.000254751,120.00,0.826218673,Home Security,Credit Card
812,97,12/8/2022,2,167872,125,0.000744615,605.56,3.607272207,Credit Repair,Housing
540,97,12/8/2022,4,167868,370,0.002204113,120.00,0.71484738,Credit Card,Housing
866,97,12/8/2022,5,167869,222,0.00132246,430.00,2.561521186,Personal Care,Housing
789,97,12/9/2022,2,167494,188,0.001122428,544.00,3.247877536,Employment,Housing
462,76,12/9/2022,4,146218,199,0.001360982,70.00,0.478737228,Credit Card,Credit Card
446,97,12/9/2022,3,167483,589,0.003516775,34.62,0.206707546,Loan,Housing
687,97,12/9/2022,4,167483,1664,0.009935337,600.90,3.587826824,Rent To Own,Housing
140,97,12/9/2022,5,167482,235,0.001403136,733.00,4.376589723,Auto Warranty,Housing
176,30,12/9/2022,2,161606,89,0.000550722,300.00,1.856366719,Home Security,Lending
169,30,12/9/2022,3,161680,1026,0.006345868,870.00,5.380999505,Credit Card,Lending
490,30,12/9/2022,4,161729,762,0.004711585,544.50,3.366743132,Auto Loan,Lending
644,30,12/9/2022,5,161715,56,0.000346288,1306.00,8.07593606,Injury Claim,Lending
256,76,12/9/2022,2,116354,221,0.001899376,441.00,3.790157622,Credit Card,Credit Card
126,76,12/9/2022,3,146146,55,0.000376336,75.00,0.513185445,Home Security,Credit Card
328,54,12/9/2022,2,189286,303,0.001600752,1870.00,9.879230371,Home Warranty,Mortgage
328,54,12/9/2022,2,106771,321,0.003006434,1540.00,14.42339212,Home Warranty,Mortgage
964,54,12/9/2022,3,189285,278,0.001468685,348.00,1.838497504,Home Financing,Mortgage
964,54,12/9/2022,3,106755,251,0.002351178,180.00,1.686103695,Home Financing,Mortgage
968,54,12/9/2022,4,189136,495,0.002617164,2745.00,14.51336604,Credit Card,Mortgage
968,54,12/9/2022,4,106669,384,0.003599921,2135.00,20.01518717,Credit Card,Mortgage
1000,97,12/10/2022,3,167315,748,0.004470609,312.00,1.864746138,Credit Card,Housing
885,97,12/10/2022,5,167393,172,0.001027522,720.00,4.30125513,Education,Housing
983,76,12/10/2022,3,135418,1014,0.007487926,825.75,6.097786114,Credit Card,Credit Card
726,97,12/10/2022,2,167230,300,0.001793936,585.00,3.498176165,Home Financing,Housing
545,76,12/10/2022,2,135417,26,0.000192,800.00,5.907677766,Credit Repair,Credit Card
498,97,12/10/2022,4,167306,169,0.001010125,704.00,4.207858654,Identity Protection,Housing
656,30,12/10/2022,2,161885,1091,0.006739352,780.00,4.818235167,Credit Card,Lending
256,30,12/10/2022,3,130638,258,0.001974923,517.50,3.961328251,Credit Card,Lending
140,30,12/10/2022,4,161719,93,0.000575072,1418.00,8.768295624,Auto Warranty,Lending
455,76,12/10/2022,4,134981,358,0.002652225,132.69,0.983027241,Shopping,Credit Card
837,54,12/10/2022,2,189025,357,0.001888639,0.00,,Survey,Mortgage
837,54,12/10/2022,2,106965,285,0.002664423,621.60,5.811246669,Survey,Mortgage
828,54,12/10/2022,3,189011,480,0.002539535,480.00,2.539534736,Home Financing,Mortgage
828,54,12/10/2022,3,106905,414,0.003872597,420.00,3.928721762,Home Financing,Mortgage
636,54,12/10/2022,4,188787,79,0.000418461,0.00,,Identity Protection,Mortgage
636,54,12/10/2022,4,106813,135,0.001263891,0.00,,Identity Protection,Mortgage
435,97,12/11/2022,5,167249,237,0.001417049,600.00,3.587465396,Education,Housing
219,76,12/11/2022,3,135190,305,0.002256084,187.00,1.383238405,Credit Card,Credit Card
699,97,12/11/2022,3,159368,309,0.001938909,384.00,2.409517594,Credit Card,Housing
837,97,12/11/2022,2,167190,521,0.003116215,587.00,3.510975537,Survey,Housing
255,97,12/11/2022,4,167233,608,0.003635646,295.00,1.764005908,Credit Score,Housing
837,30,12/11/2022,2,161911,988,0.006102118,1134.00,7.003847793,Survey,Lending
719,30,12/11/2022,3,161907,393,0.002427319,1020.00,6.299912913,Credit Card,Lending
432,30,12/11/2022,4,161947,1284,0.00792852,980.00,6.051362483,Credit Card,Lending
879,76,12/11/2022,2,135246,184,0.001360484,112.00,0.82812061,Shopping,Credit Card
543,76,12/11/2022,4,135165,82,0.000606666,59.00,0.436503533,Credit Score,Credit Card
140,54,12/11/2022,2,188662,135,0.000715565,333.00,1.765061327,Auto Warranty,Mortgage
140,54,12/11/2022,2,107053,174,0.001625363,777.00,7.258087116,Auto Warranty,Mortgage
787,54,12/11/2022,3,188594,307,0.001627835,324.00,1.717976182,Home Financing,Mortgage
787,54,12/11/2022,3,107030,281,0.002625432,240.00,2.242361955,Home Financing,Mortgage
303,54,12/11/2022,4,188476,70,0.0003714,0.00,,Identity Protection,Mortgage
303,54,12/11/2022,4,106974,132,0.001233945,742.00,6.936264887,Identity Protection,Mortgage
767,97,12/12/2022,4,167168,210,0.001256221,455.00,2.721812787,Beauty,Housing
687,97,12/12/2022,2,166961,1261,0.007552662,288.50,1.727948443,Rent To Own,Housing
256,97,12/12/2022,3,145879,186,0.001275029,340.00,2.33069873,Credit Card,Housing
176,97,12/12/2022,5,167090,167,0.000999461,0.00,0,Home Security,Housing
401,30,12/12/2022,2,162205,287,0.001769366,1890.00,11.65192195,Debt,Lending
250,30,12/12/2022,3,131172,474,0.003613576,1200.00,9.148293843,Credit Card,Lending
494,30,12/12/2022,4,160851,33,0.000205159,1361.00,8.461246744,Identity Protection,Lending
250,76,12/12/2022,2,108262,90,0.000831317,800.00,7.389481074,Credit Card,Credit Card
837,76,12/12/2022,3,135512,294,0.00216955,655.00,4.833520279,Survey,Credit Card
498,76,12/12/2022,4,135535,18,0.000132807,787.00,5.806618217,Identity Protection,Credit Card
627,54,12/12/2022,2,107267,133,0.001239897,688.10,6.414834012,Home Solar,Mortgage
869,54,12/12/2022,3,188226,373,0.00198166,324.00,1.721334991,Home Financing,Mortgage
869,54,12/12/2022,3,107190,324,0.00302267,192.00,1.791211867,Home Financing,Mortgage
699,54,12/12/2022,4,188129,279,0.001483025,624.00,3.316872997,Credit Card,Mortgage
699,54,12/12/2022,4,107078,200,0.001867797,144.00,1.344814061,Credit Card,Mortgage
758,76,12/13/2022,4,135693,2021,0.014893915,735.00,5.416639031,Credit Card,Credit Card
145,76,12/13/2022,3,124966,1390,0.011123025,1194.00,9.554598851,Shopping,Credit Card
685,97,12/13/2022,4,167065,119,0.000712298,0.00,0,Tax Debt,Housing
950,97,12/13/2022,5,167095,164,0.000981478,75.00,0.448846465,Life Insurance,Housing
619,97,12/13/2022,2,167026,148,0.00088609,596.00,3.568306731,Life Insurance,Housing
627,97,12/13/2022,3,167221,91,0.00054419,551.00,3.295040695,Home Solar,Housing
789,30,12/13/2022,2,160994,99,0.00061493,868.00,5.391505273,Employment,Lending
694,30,12/13/2022,3,161053,54,0.000335293,1444.44,8.968724581,Credit Repair,Lending
1000,30,12/13/2022,4,161080,1969,0.01222374,2028.00,12.59001738,Credit Card,Lending
895,76,12/13/2022,2,135726,87,0.000640997,43.45,0.320130262,Loan,Credit Card
982,54,12/13/2022,2,188001,69,0.000367019,420.00,2.23403067,Home Security,Mortgage
982,54,12/13/2022,2,107356,176,0.001639405,490.00,4.564253512,Home Security,Mortgage
865,54,12/13/2022,3,375796,829,0.002205984,384.00,1.021830993,Home Financing,Mortgage
865,54,12/13/2022,3,107308,443,0.004128304,204.00,1.901069818,Home Financing,Mortgage
540,54,12/13/2022,4,107215,488,0.004551602,660.00,6.155855058,Credit Card,Mortgage
789,97,12/14/2022,2,167096,187,0.001119117,0.00,0,Employment,Housing
545,97,12/14/2022,3,167146,169,0.001011092,605.56,3.622940423,Credit Repair,Housing
774,97,12/14/2022,4,167209,1759,0.010519769,602.00,3.600284674,Survey,Housing
311,76,12/14/2022,3,125024,157,0.001255759,103.50,0.827841055,Credit Card,Credit Card
1000,76,12/14/2022,4,124969,522,0.004177036,624.00,4.993238323,Credit Card,Credit Card
140,76,12/14/2022,2,135811,39,0.000287164,821.00,6.045165708,Auto Warranty,Credit Card
861,97,12/14/2022,5,167228,172,0.001028536,465.00,2.780634822,Education,Housing
256,30,12/14/2022,2,131648,836,0.006350267,1706.50,12.96259723,Credit Card,Lending
438,30,12/14/2022,3,160599,686,0.004271509,315.00,1.961406983,Networking,Lending
351,30,12/14/2022,4,160601,1156,0.007197963,1230.00,7.658731888,Credit Card,Lending
694,54,12/14/2022,2,187679,119,0.000634061,433.33,2.308889114,Credit Repair,Mortgage
694,54,12/14/2022,2,107406,164,0.001526917,1011.11,9.413906113,Credit Repair,Mortgage
838,54,12/14/2022,3,187535,463,0.002468872,408.00,2.175593889,Home Financing,Mortgage
838,54,12/14/2022,3,107325,387,0.00360587,252.00,2.348008386,Home Financing,Mortgage
888,54,12/14/2022,4,187369,85,0.00045365,0.00,,Identity Protection,Mortgage
888,54,12/14/2022,4,107239,144,0.001342795,1025.00,9.558089874,Identity Protection,Mortgage
991,76,12/15/2022,3,123128,70,0.000568514,0.00,0,Investment,Credit Card
401,97,12/15/2022,5,167093,259,0.001550035,536.00,3.207794462,Debt,Housing
209,97,12/15/2022,4,167054,293,0.001753924,561.00,3.358195554,Employment,Housing
687,97,12/15/2022,2,166893,550,0.003295525,161.70,0.968884255,Rent To Own,Housing
140,97,12/15/2022,3,167055,157,0.00093981,0.00,,Auto Warranty,Housing
231,30,12/15/2022,2,160737,100,0.000622134,1200.00,7.465611527,Office Supplies,Lending
166,30,12/15/2022,3,160739,731,0.004547745,630.00,3.919397284,Shopping,Lending
115,30,12/15/2022,4,160734,1528,0.009506389,820.00,5.101596426,Credit Card,Lending
256,76,12/15/2022,2,108717,233,0.002143179,358.50,3.297552361,Credit Card,Credit Card
113,76,12/15/2022,4,123087,410,0.003330977,532.90,4.329458026,Loan,Credit Card
176,54,12/15/2022,2,187190,163,0.000870773,2145.00,11.45894546,Home Security,Mortgage
176,54,12/15/2022,2,107412,204,0.001899229,825.00,7.680706066,Home Security,Mortgage
551,54,12/15/2022,3,187121,257,0.001373443,204.00,1.090203665,Home Financing,Mortgage
551,54,12/15/2022,3,107383,252,0.00234674,108.00,1.005745788,Home Financing,Mortgage
913,54,12/15/2022,4,187117,73,0.00039013,594.00,3.174484413,Home Warranty,Mortgage
913,54,12/15/2022,4,107314,164,0.001528226,330.00,3.075088059,Home Warranty,Mortgage
765,54,12/15/2022,5,163613,174,0.001063485,300.00,1.83359513,Auto Insurance,Mortgage
936,76,12/16/2022,2,135784,91,0.000670182,800.00,5.891710364,Credit Repair,Credit Card
938,76,12/16/2022,4,123670,861,0.006962076,570.00,4.609040188,Credit Card,Credit Card
351,76,12/16/2022,3,123507,563,0.004558446,630.00,5.100925454,Credit Card,Credit Card
168,97,12/16/2022,2,166826,56,0.000335679,580.00,3.476676297,Home Financing,Housing
807,97,12/16/2022,5,166913,154,0.000922636,910.00,5.45194203,Home Security,Housing
766,97,12/16/2022,3,166878,99,0.000593248,748.00,4.482316423,Injury Claim,Housing
888,97,12/16/2022,4,166889,142,0.000850865,840.00,5.033285597,Identity Protection,Housing
766,30,12/16/2022,2,159111,67,0.00042109,1304.00,8.195536449,Injury Claim,Lending
256,30,12/16/2022,3,131836,450,0.003413332,1117.50,8.476440426,Credit Card,Lending
140,30,12/16/2022,4,160096,122,0.000762043,1424.00,8.894663202,Auto Warranty,Lending
766,54,12/16/2022,2,186925,144,0.000770362,366.00,1.958004547,Injury Claim,Mortgage
766,54,12/16/2022,2,107552,161,0.00149695,854.00,7.940345135,Injury Claim,Mortgage
962,54,12/16/2022,3,186781,554,0.00296604,336.00,1.798898175,Home Financing,Mortgage
962,54,12/16/2022,3,107419,539,0.005017734,204.00,1.899105372,Home Financing,Mortgage
954,54,12/16/2022,4,186646,210,0.001125125,270.00,1.446588729,Home Delivery,Mortgage
954,54,12/16/2022,4,107312,197,0.001835769,630.00,5.870732071,Home Delivery,Mortgage
501,76,12/17/2022,2,136121,171,0.001256235,819.00,6.016705725,Employment,Credit Card
103,76,12/17/2022,4,124403,107,0.000860108,232.50,1.868925991,Tax Debt,Credit Card
255,97,12/17/2022,5,166905,878,0.005260478,413.00,2.47446152,Credit Score,Housing
222,97,12/17/2022,4,166899,657,0.003936513,258.44,1.548481417,Loan,Housing
558,97,12/17/2022,2,166716,213,0.001277622,600.00,3.598934715,Home Sale,Housing
687,97,12/17/2022,3,166848,881,0.005280255,261.60,1.567894131,Rent To Own,Housing
311,30,12/17/2022,2,160179,623,0.003889399,380.25,2.373906692,Credit Card,Lending
837,30,12/17/2022,3,160184,1189,0.007422714,1285.00,8.022024672,Survey,Lending
501,30,12/17/2022,4,160174,114,0.000711726,1300.00,8.116173661,Employment,Lending
307,76,12/17/2022,3,124494,442,0.003550372,264.93,2.128054364,Loan,Credit Card
140,54,12/17/2022,2,186487,118,0.000632752,330.00,1.769560345,Auto Warranty,Mortgage
140,54,12/17/2022,2,107560,206,0.00191521,770.00,7.158795091,Auto Warranty,Mortgage
614,54,12/17/2022,3,186380,499,0.002677326,396.00,2.124691491,Home Financing,Mortgage
614,54,12/17/2022,3,107529,422,0.003924523,264.00,2.455151634,Home Financing,Mortgage
328,54,12/17/2022,4,186303,281,0.001508296,880.00,4.723488081,Home Warranty,Mortgage
328,54,12/17/2022,4,107480,418,0.003889096,825.00,7.675846669,Home Warranty,Mortgage
206,76,12/18/2022,2,136546,318,0.002328886,156.80,1.148330965,Survey,Credit Card
109,97,12/18/2022,2,166420,690,0.004146136,245.56,1.475543805,Home Financing,Housing
598,97,12/18/2022,3,166585,298,0.001788877,245.47,1.473542036,Home Financing,Housing
542,97,12/18/2022,5,166595,398,0.002389027,68.00,0.408175515,Health,Housing
656,97,12/18/2022,4,166590,712,0.004273966,312.00,1.872861516,Credit Card,Housing
256,30,12/18/2022,3,132048,164,0.001241973,493.75,3.739170605,Credit Card,Lending
938,30,12/18/2022,4,160281,666,0.004155202,960.00,5.989480974,Credit Card,Lending
256,76,12/18/2022,3,124878,1171,0.009377152,2488.50,19.92744919,Credit Card,Credit Card
415,76,12/18/2022,4,124876,504,0.004036004,512.09,4.100787982,Loan,Credit Card
861,54,12/18/2022,2,186129,109,0.000585615,415.00,2.229636435,Education,Mortgage
861,54,12/18/2022,2,107696,144,0.001337097,150.00,1.392809389,Education,Mortgage
839,54,12/18/2022,3,185994,228,0.001225846,180.00,0.967773154,Home Financing,Mortgage
839,54,12/18/2022,3,107607,406,0.003772989,216.00,2.007304358,Home Financing,Mortgage
1000,54,12/18/2022,4,185897,556,0.002990904,520.00,2.797247938,Credit Card,Mortgage
1000,54,12/18/2022,4,107505,303,0.002818474,676.00,6.288079624,Credit Card,Mortgage
542,76,12/19/2022,3,136593,367,0.002686814,442.00,3.235890565,Health,Credit Card
656,76,12/19/2022,4,136552,1080,0.007909075,1508.00,11.04341203,Credit Card,Credit Card
719,76,12/19/2022,2,136585,415,0.003038401,840.00,6.150016473,Credit Card,Credit Card
682,97,12/19/2022,3,166601,144,0.000864341,605.00,3.631430784,Home Delivery,Housing
789,97,12/19/2022,2,166509,126,0.000756716,154.00,0.924874932,Employment,Housing
767,97,12/19/2022,5,166635,180,0.001080205,120.00,0.720136826,Beauty,Housing
866,97,12/19/2022,4,166636,254,0.00152428,497.50,2.985549341,Personal Care,Housing
711,30,12/19/2022,2,160471,31,0.000193181,1284.00,8.001445744,Injury Claim,Lending
169,30,12/19/2022,3,160506,1126,0.007015314,1170.00,7.289447123,Credit Card,Lending
758,30,12/19/2022,4,160546,576,0.003587757,175.00,1.090030272,Credit Card,Lending
808,54,12/19/2022,2,185675,258,0.001389525,948.84,5.11021947,Home Solar,Mortgage
808,54,12/19/2022,2,108100,233,0.002155412,427.82,3.957631822,Home Solar,Mortgage
964,54,12/19/2022,3,185569,267,0.001438818,360.00,1.939979199,Home Financing,Mortgage
964,54,12/19/2022,3,107997,276,0.002555627,204.00,1.888941359,Home Financing,Mortgage
771,54,12/19/2022,4,185542,109,0.000587468,546.00,2.942729948,Debt,Mortgage
771,54,12/19/2022,4,107910,198,0.001834862,494.00,4.577888982,Debt,Mortgage
169,76,12/20/2022,3,126423,1158,0.009159726,1080.00,8.542749341,Credit Card,Credit Card
140,76,12/20/2022,2,136715,75,0.000548586,837.00,6.122225067,Auto Warranty,Credit Card
758,76,12/20/2022,4,126536,677,0.005350256,175.00,1.383005627,Credit Card,Credit Card
573,97,12/20/2022,5,166548,138,0.00082859,210.00,1.260897759,Education,Housing
944,97,12/20/2022,2,166312,121,0.000727548,593.00,3.56558757,Life Insurance,Housing
256,97,12/20/2022,4,145727,371,0.002545856,559.00,3.835939805,Credit Card,Housing
365,97,12/20/2022,3,166491,211,0.001267336,566.00,3.399583161,Credit Repair,Housing
250,30,12/20/2022,2,159680,251,0.001571894,1200.00,7.51503006,Credit Card,Lending
145,30,12/20/2022,3,160728,749,0.004660047,480.00,2.986411826,Shopping,Lending
656,30,12/20/2022,4,160726,2017,0.012549308,1976.00,12.294215,Credit Card,Lending
619,54,12/20/2022,2,185366,157,0.000846973,0.00,,Life Insurance,Mortgage
619,54,12/20/2022,2,108126,198,0.001831197,623.00,5.761796423,Life Insurance,Mortgage
828,54,12/20/2022,3,185774,148,0.000796667,120.00,0.64594615,Home Financing,Mortgage
828,54,12/20/2022,3,108138,265,0.002450572,108.00,0.998723853,Home Financing,Mortgage
656,54,12/20/2022,4,186456,277,0.001485605,468.00,2.509975544,Credit Card,Mortgage
656,54,12/20/2022,4,108033,227,0.00210121,208.00,1.925337628,Credit Card,Mortgage
347,76,12/21/2022,4,126784,308,0.002429329,575.22,4.537007824,Loan,Credit Card
219,76,12/21/2022,3,126655,262,0.002068612,289.00,2.281789112,Credit Card,Credit Card
574,97,12/21/2022,5,166338,104,0.000625233,160.50,0.964902788,Life Insurance,Housing
538,97,12/21/2022,4,166330,645,0.003877833,84.00,0.505020141,Rent To Own,Housing
687,97,12/21/2022,2,166266,668,0.004017658,209.40,1.259427664,Rent To Own,Housing
140,97,12/21/2022,3,166315,188,0.001130385,738.00,4.437362836,Auto Warranty,Housing
874,30,12/21/2022,2,160863,46,0.000285958,1350.00,8.392234386,Credit Repair,Lending
789,30,12/21/2022,3,160890,150,0.000932314,1160.00,7.209894959,Employment,Lending
632,30,12/21/2022,4,160903,243,0.001510227,291.75,1.813204229,Loan,Lending
256,76,12/21/2022,2,110251,462,0.004190438,853.75,7.743693935,Credit Card,Credit Card
540,54,12/21/2022,2,187547,280,0.001492959,600.00,3.199198068,Credit Card,Mortgage
540,54,12/21/2022,2,108383,218,0.002011386,0.00,0,Credit Card,Mortgage
787,54,12/21/2022,3,187480,384,0.002048218,300.00,1.600170685,Home Financing,Mortgage
787,54,12/21/2022,3,108318,423,0.003905168,192.00,1.772558578,Home Financing,Mortgage
767,54,12/21/2022,4,187480,327,0.001744186,740.00,3.947087689,Beauty,Mortgage
767,54,12/21/2022,4,108196,220,0.002033347,160.00,1.478797737,Beauty,Mortgage
694,76,12/22/2022,2,137136,36,0.000262513,748.00,5.454439389,Credit Repair,Credit Card
832,76,12/22/2022,3,127016,232,0.001826542,130.00,1.023493103,Tax Debt,Credit Card
699,97,12/22/2022,3,166156,301,0.001811551,434.00,2.612003178,Credit Card,Housing
698,97,12/22/2022,2,166102,136,0.000818774,580.00,3.491830321,Home Financing,Housing
732,97,12/22/2022,5,165962,227,0.001367783,312.80,1.884768802,Auto Insurance,Housing
176,97,12/22/2022,4,166178,114,0.000686011,546.00,3.285633477,Home Security,Housing
719,30,12/22/2022,2,160998,258,0.001602504,480.00,2.981403496,Credit Card,Lending
256,30,12/22/2022,3,132727,651,0.004904805,1306.75,9.845396943,Credit Card,Lending
140,30,12/22/2022,4,160975,95,0.000590154,1455.00,9.038670601,Auto Warranty,Lending
591,76,12/22/2022,4,127061,134,0.001054612,0.00,0,Loan,Credit Card
874,54,12/22/2022,2,187241,112,0.00059816,405.30,2.16459002,Credit Repair,Mortgage
874,54,12/22/2022,2,108488,170,0.001566994,945.70,8.717093135,Credit Repair,Mortgage
869,54,12/22/2022,3,187183,427,0.00228119,408.00,2.179685121,Home Financing,Mortgage
869,54,12/22/2022,3,108451,435,0.004011028,168.00,1.549086684,Home Financing,Mortgage
400,54,12/22/2022,4,187093,108,0.000577253,380.00,2.031075454,Home Improvement,Mortgage
400,54,12/22/2022,4,108353,199,0.00183659,152.00,1.402822257,Home Improvement,Mortgage
534,76,12/23/2022,3,127548,420,0.003292878,361.53,2.83446232,Bank Account,Credit Card
453,76,12/23/2022,2,137359,1035,0.007535,1776.00,12.92962238,Credit Card,Credit Card
950,97,12/23/2022,2,166030,153,0.00092152,0.00,0,Life Insurance,Housing
719,97,12/23/2022,3,166118,356,0.002143055,210.00,1.26416162,Credit Card,Housing
401,97,12/23/2022,5,166139,162,0.000975087,308.00,1.85386935,Debt,Housing
913,97,12/23/2022,4,166074,151,0.000909233,495.00,2.98059901,Home Warranty,Housing
432,30,12/23/2022,2,161053,1028,0.006382992,511.00,3.172868559,Credit Card,Lending
837,30,12/23/2022,3,161038,1533,0.009519492,1332.00,8.271339684,Survey,Lending
401,30,12/23/2022,4,161042,262,0.001626905,1710.00,10.61834801,Debt,Lending
113,76,12/23/2022,4,127483,443,0.003474973,398.05,3.122377101,Loan,Credit Card
140,54,12/23/2022,2,188930,156,0.000825703,332.70,1.760969671,Auto Warranty,Mortgage
140,54,12/23/2022,2,108874,196,0.001800246,776.30,7.130260668,Auto Warranty,Mortgage
865,54,12/23/2022,3,188906,218,0.001154013,336.00,1.778662404,Home Financing,Mortgage
865,54,12/23/2022,3,108841,251,0.002306116,192.00,1.764041124,Home Financing,Mortgage
176,54,12/23/2022,4,188840,223,0.001180894,1980.00,10.48506672,Home Security,Mortgage
176,54,12/23/2022,4,108761,243,0.002234257,495.00,4.55126378,Home Security,Mortgage
699,76,12/24/2022,2,137648,464,0.003370917,480.00,3.487155643,Credit Card,Credit Card
115,76,12/24/2022,4,128032,575,0.004491065,265.00,2.069795051,Credit Card,Credit Card
222,97,12/24/2022,5,166233,497,0.002989779,268.74,1.616646514,Loan,Housing
395,97,12/24/2022,2,166075,276,0.0016619,37.59,0.226343519,Loan,Housing
687,97,12/24/2022,3,166180,850,0.005114936,268.20,1.613912625,Rent To Own,Housing
540,97,12/24/2022,4,166217,267,0.001606334,120.00,0.721947815,Credit Card,Housing
739,30,12/24/2022,2,161118,893,0.005542522,588.00,3.649499125,Credit Card,Lending
663,30,12/24/2022,3,161123,886,0.005498905,915.29,5.680691149,Loan,Lending
351,30,12/24/2022,4,161076,793,0.004923142,840.00,5.214929598,Credit Card,Lending
105,76,12/24/2022,3,128112,164,0.00128013,343.65,2.682418509,Credit Card,Credit Card
719,54,12/24/2022,2,190240,132,0.00069386,180.00,0.946173255,Credit Card,Mortgage
719,54,12/24/2022,2,109129,200,0.001832693,60.00,0.549808025,Credit Card,Mortgage
838,54,12/24/2022,3,190218,568,0.002986048,456.00,2.397249472,Home Financing,Mortgage
838,54,12/24/2022,3,109086,534,0.00489522,336.00,3.080138606,Home Financing,Mortgage
699,54,12/24/2022,4,190147,355,0.001866977,816.00,4.291416641,Credit Card,Mortgage
699,54,12/24/2022,4,108994,243,0.002229481,96.00,0.880782428,Credit Card,Mortgage
351,76,12/25/2022,3,128690,348,0.002704173,210.00,1.631828425,Credit Card,Credit Card
938,76,12/25/2022,2,153869,318,0.002066693,360.00,2.339652562,Credit Card,Credit Card
542,97,12/25/2022,5,166072,760,0.004576328,476.00,2.866226697,Health,Housing
109,97,12/25/2022,2,166051,1186,0.007142384,283.07,1.704717225,Home Financing,Housing
255,97,12/25/2022,3,166073,779,0.004690708,413.00,2.486858189,Credit Score,Housing
598,97,12/25/2022,4,166072,458,0.00275784,201.30,1.212124862,Home Financing,Housing
534,30,12/25/2022,2,161143,172,0.001067375,193.01,1.19775603,Bank Account,Lending
115,30,12/25/2022,3,161161,409,0.002537835,290.00,1.799442793,Credit Card,Lending
255,30,12/25/2022,4,161146,243,0.001507949,354.00,2.196765666,Credit Score,Lending
255,76,12/25/2022,4,128725,370,0.002874345,177.00,1.375024277,Credit Score,Credit Card
543,54,12/25/2022,2,191269,1332,0.006964014,413.00,2.159262609,Credit Score,Mortgage
543,54,12/25/2022,2,109347,740,0.006767447,177.00,1.618700102,Credit Score,Mortgage
551,54,12/25/2022,3,191226,294,0.001537448,348.00,1.819836215,Home Financing,Mortgage
551,54,12/25/2022,3,109313,407,0.003723253,168.00,1.536871186,Home Financing,Mortgage
913,54,12/25/2022,4,191081,358,0.001873551,1419.00,7.426170054,Home Warranty,Mortgage
913,54,12/25/2022,4,109199,284,0.002600756,561.00,5.137409683,Home Warranty,Mortgage
983,76,12/26/2022,3,129261,560,0.00433232,537.75,4.160187528,Credit Card,Credit Card
574,76,12/26/2022,4,129293,52,0.000402187,160.50,1.241366509,Life Insurance,Credit Card
767,97,12/26/2022,4,166095,205,0.001234233,280.00,1.685782233,Beauty,Housing
271,97,12/26/2022,2,165960,329,0.001982405,2027.59,12.21734153,Credit Repair,Housing
850,97,12/26/2022,3,166058,595,0.003583085,607.00,3.655349336,Survey,Housing
699,97,12/26/2022,5,166113,1252,0.007537038,1824.00,10.98047715,Credit Card,Housing
256,30,12/26/2022,2,133117,590,0.004432191,1194.75,8.975187241,Credit Card,Lending
772,30,12/26/2022,3,161237,278,0.00172417,577.28,3.580319654,Loan,Lending
542,30,12/26/2022,4,161232,643,0.003988042,510.00,3.163143793,Health,Lending
140,76,12/26/2022,2,138087,70,0.000506927,1041.00,7.538725586,Auto Warranty,Credit Card
888,54,12/26/2022,2,191975,94,0.000489647,387.00,2.015887485,Identity Protection,Mortgage
888,54,12/26/2022,2,109571,153,0.001396355,903.00,8.241231713,Identity Protection,Mortgage
962,54,12/26/2022,3,191968,328,0.001708618,396.00,2.062843807,Home Financing,Mortgage
962,54,12/26/2022,3,109553,391,0.003569049,228.00,2.08118445,Home Financing,Mortgage
352,54,12/26/2022,4,191868,132,0.000687973,920.00,4.794963204,Home Warranty,Mortgage
352,54,12/26/2022,4,109424,183,0.001672394,428.00,3.911390554,Home Warranty,Mortgage
145,76,12/27/2022,2,138256,2745,0.019854473,2304.00,16.66473788,Shopping,Credit Card
758,76,12/27/2022,4,130040,1489,0.011450323,455.00,3.498923408,Credit Card,Credit Card
427,97,12/27/2022,5,166247,120,0.000721818,539.00,3.242163768,Home Sale,Housing
258,97,12/27/2022,3,165924,230,0.001386177,587.00,3.537764278,Life Insurance,Housing
687,97,12/27/2022,2,166112,1488,0.008957812,451.02,2.715156039,Rent To Own,Housing
140,97,12/27/2022,4,166247,159,0.000956408,714.00,4.294814343,Auto Warranty,Housing
938,30,12/27/2022,2,161365,1127,0.006984166,720.00,4.461934125,Credit Card,Lending
166,30,12/27/2022,3,161356,661,0.004096532,0.00,0,Shopping,Lending
169,30,12/27/2022,4,161328,941,0.005832837,600.00,3.719131211,Credit Card,Lending
789,76,12/27/2022,3,130020,146,0.001122904,1126.00,8.660206122,Employment,Credit Card
176,54,12/27/2022,2,193459,272,0.001405983,2805.00,14.49919621,Home Security,Mortgage
176,54,12/27/2022,2,109888,283,0.002575349,660.00,6.006115317,Home Security,Mortgage
614,54,12/27/2022,3,193490,392,0.002025944,480.00,2.480748359,Home Financing,Mortgage
614,54,12/27/2022,3,109832,355,0.003232209,288.00,2.622186612,Home Financing,Mortgage
328,54,12/27/2022,4,193832,285,0.001470345,2750.00,14.18754385,Home Warranty,Mortgage
328,54,12/27/2022,4,109734,252,0.002296462,1210.00,11.02666448,Home Warranty,Mortgage
471,97,12/28/2022,5,89187,298,0.003341294,330.00,3.70009082,Resources,Housing
888,97,12/28/2022,4,166352,108,0.000649226,535.00,3.216071944,Identity Protection,Housing
256,97,12/28/2022,2,145716,121,0.000830382,194.75,1.336503884,Credit Card,Housing
168,97,12/28/2022,3,166245,124,0.000745887,575.00,3.458750639,Home Financing,Housing
140,30,12/28/2022,2,161437,126,0.00078049,1684.00,10.43131376,Auto Warranty,Lending
690,30,12/28/2022,3,161452,997,0.00617521,952.00,5.896489359,Credit Card,Lending
540,30,12/28/2022,4,161473,391,0.002421457,360.00,2.229474897,Credit Card,Lending
311,76,12/28/2022,2,138511,921,0.006649291,632.25,4.564619417,Credit Card,Credit Card
807,76,12/28/2022,3,130654,101,0.000773034,780.00,5.969966476,Home Security,Credit Card
113,76,12/28/2022,4,130700,235,0.001798011,434.65,3.325554705,Loan,Credit Card
863,54,12/28/2022,2,195777,84,0.00042906,18.55,0.09475066,Loan,Mortgage
863,54,12/28/2022,2,110254,165,0.001496544,49.35,0.447602808,Loan,Mortgage
839,54,12/28/2022,3,195734,480,0.002452308,432.00,2.207076951,Home Financing,Mortgage
839,54,12/28/2022,3,110199,398,0.003611648,216.00,1.960090382,Home Financing,Mortgage
178,54,12/28/2022,4,195579,256,0.001308934,1100.00,5.62432572,Health,Mortgage
178,54,12/28/2022,4,110061,190,0.001726315,250.00,2.271467641,Health,Mortgage
832,76,12/29/2022,3,77089,135,0.001751223,104.00,1.349090013,Tax Debt,Credit Card
807,97,12/29/2022,2,166179,127,0.000764236,910.00,5.476022843,Home Security,Housing
789,97,12/29/2022,3,166289,113,0.00067954,308.00,1.852197079,Employment,Housing
453,97,12/29/2022,4,147109,257,0.001747004,1248.00,8.483505428,Credit Card,Housing
866,97,12/29/2022,5,69329,90,0.001298158,510.00,7.356228995,Personal Care,Housing
789,30,12/29/2022,2,161599,68,0.000420795,368.00,2.277241815,Employment,Lending
767,30,12/29/2022,3,49876,98,0.001964873,420.00,8.420883792,Beauty,Lending
547,30,12/29/2022,4,161570,890,0.005508448,952.00,5.892182955,Credit Card,Lending
105,76,12/29/2022,2,138630,1578,0.011382818,656.85,4.738151915,Credit Card,Credit Card
591,76,12/29/2022,4,58278,103,0.001767391,0.00,0,Loan,Credit Card
140,54,12/29/2022,2,195923,186,0.000949353,382.80,1.9538288,Auto Warranty,Mortgage
140,54,12/29/2022,2,110383,210,0.001902467,893.20,8.091825734,Auto Warranty,Mortgage
964,54,12/29/2022,3,195790,246,0.001256448,312.00,1.593544103,Home Financing,Mortgage
964,54,12/29/2022,3,110344,265,0.002401581,192.00,1.74001305,Home Financing,Mortgage
771,54,12/29/2022,4,195673,270,0.001379853,832.00,4.251991844,Debt,Mortgage
771,54,12/29/2022,4,110262,223,0.002022456,260.00,2.358019989,Debt,Mortgage
222,97,12/30/2022,5,167588,501,0.002989474,259.32,1.54736616,Loan,Housing
913,97,12/30/2022,3,167608,199,0.001187294,330.00,1.968879767,Home Warranty,Housing
687,97,12/30/2022,2,167605,1352,0.008066585,439.98,2.625100683,Rent To Own,Housing
542,97,12/30/2022,4,167593,635,0.003788941,476.00,2.84021409,Health,Housing
574,30,12/30/2022,2,161665,85,0.000525779,1024.00,6.334085918,Life Insurance,Lending
178,30,12/30/2022,3,24699,10,0.000404875,0.00,,Health,Lending
271,76,12/30/2022,2,138351,46,0.000332488,160.47,1.159875968,Credit Repair,Credit Card
432,76,12/30/2022,3,131164,918,0.006998872,518.00,3.949254369,Credit Card,Credit Card
673,76,12/30/2022,4,131174,348,0.002652965,160.20,1.221278607,Loan,Credit Card
807,54,12/30/2022,2,197225,326,0.001652934,1650.00,8.366079351,Home Security,Mortgage
807,54,12/30/2022,2,110633,271,0.00244954,1155.00,10.43992299,Home Security,Mortgage
828,54,12/30/2022,3,197133,294,0.001491379,384.00,1.947923483,Home Financing,Mortgage
828,54,12/30/2022,3,110614,288,0.002603649,252.00,2.278192634,Home Financing,Mortgage
767,54,12/30/2022,4,196991,560,0.002842769,660.00,3.350406871,Beauty,Mortgage
767,54,12/30/2022,4,110513,283,0.002560785,80.00,0.723896736,Beauty,Mortgage
453,76,12/31/2022,2,138501,431,0.003111891,576.00,4.158814738,Credit Card,Credit Card
686,97,12/31/2022,4,167245,223,0.001333373,535.33,3.200872971,Loan,Housing
169,97,12/31/2022,3,167242,338,0.002021023,150.00,0.896903888,Credit Card,Housing
522,97,12/31/2022,2,167232,104,0.000621891,185.00,1.106247608,Life Insurance,Housing
534,97,12/31/2022,5,167252,301,0.00179968,183.49,1.09708703,Bank Account,Housing
351,30,12/31/2022,2,161823,974,0.006018922,900.00,5.561632154,Credit Card,Lending
953,30,12/31/2022,3,161825,522,0.003225707,450.00,2.780781709,Credit Score,Lending
983,30,12/31/2022,4,161807,2557,0.015802777,1064.25,6.57728034,Credit Card,Lending
415,76,12/31/2022,4,131464,274,0.002084221,273.44,2.079961054,Loan,Credit Card
870,54,12/31/2022,2,198148,145,0.000731776,391.22,1.974382785,Health,Mortgage
870,54,12/31/2022,2,110609,171,0.001545986,912.81,8.252583424,Health,Mortgage
787,54,12/31/2022,3,198083,188,0.000949097,240.00,1.211613314,Home Financing,Mortgage
787,54,12/31/2022,3,110534,216,0.00195415,132.00,1.194202689,Home Financing,Mortgage
542,54,12/31/2022,4,197992,876,0.004424421,340.00,1.717241101,Health,Mortgage
542,54,12/31/2022,4,110460,291,0.002634438,136.00,1.231214919,Health,Mortgage
347,76,1/1/2023,3,131606,260,0.001975594,463.08,3.518684558,Loan,Credit Card
317,97,1/1/2023,5,165564,291,0.001757628,136.88,0.826749777,Home Financing,Housing
351,97,1/1/2023,4,165384,731,0.004420016,420.00,2.539544333,Credit Card,Housing
510,97,1/1/2023,2,165576,186,0.001123351,284.00,1.715224429,Education,Housing
255,97,1/1/2023,3,165576,912,0.005508045,944.00,5.701309369,Credit Score,Housing
719,30,1/1/2023,2,161784,371,0.002293181,600.00,3.708648568,Credit Card,Lending
863,30,1/1/2023,3,161778,75,0.000463598,66.66,0.412046137,Loan,Lending
256,30,1/1/2023,4,129964,301,0.002316026,700.25,5.388030532,Credit Card,Lending
205,76,1/1/2023,2,138553,103,0.000743398,840.00,6.062661942,Auto Warranty,Credit Card
453,54,1/1/2023,2,198500,257,0.00129471,528.00,2.659949622,Credit Card,Mortgage
453,54,1/1/2023,2,110641,207,0.001870916,192.00,1.735342233,Credit Card,Mortgage
869,54,1/1/2023,3,198467,424,0.002136375,396.00,1.995293928,Home Financing,Mortgage
869,54,1/1/2023,3,110608,425,0.003842398,276.00,2.495298713,Home Financing,Mortgage
913,54,1/1/2023,4,198287,177,0.000892646,726.00,3.661359544,Home Warranty,Mortgage
913,54,1/1/2023,4,110467,177,0.001602288,231.00,2.091122236,Home Warranty,Mortgage
549,76,1/2/2023,2,139130,492,0.003536261,672.00,4.830015094,Employment,Credit Card
547,76,1/2/2023,4,132025,533,0.004037114,420.00,3.181215679,Credit Card,Credit Card
885,97,1/2/2023,5,165577,153,0.000924041,840.00,5.073168375,Education,Housing
182,97,1/2/2023,4,157758,301,0.001907986,720.00,4.563952383,Auto Insurance,Housing
687,97,1/2/2023,2,165271,1756,0.010624974,556.32,3.366107787,Rent To Own,Housing
205,97,1/2/2023,3,165482,212,0.001281106,698.00,4.217981412,Auto Warranty,Housing
885,30,1/2/2023,2,64679,18,0.000278297,320.00,4.947510011,Education,Lending
256,30,1/2/2023,3,130002,312,0.002399963,677.00,5.207612191,Credit Card,Lending
739,30,1/2/2023,4,161736,2853,0.017639858,1736.00,10.73354108,Credit Card,Lending
789,76,1/2/2023,3,2860,4,0.001398601,0.00,,Employment,Credit Card
256,76,1/2/2023,5,113434,641,0.005650863,1218.00,10.73752138,Credit Card,Credit Card
237,54,1/2/2023,2,199548,308,0.001543488,394.20,1.97546455,Employment,Mortgage
237,54,1/2/2023,2,110896,188,0.001695282,919.80,8.294257683,Employment,Mortgage
865,54,1/2/2023,3,199524,463,0.002320523,708.00,3.5484453,Home Financing,Mortgage
865,54,1/2/2023,3,110841,340,0.003067457,432.00,3.897474761,Home Financing,Mortgage
719,76,1/3/2023,2,139697,339,0.002426681,660.00,4.724510906,Credit Card,Credit Card
237,97,1/3/2023,3,165586,382,0.002306958,559.00,3.375889266,Employment,Housing
789,97,1/3/2023,2,165477,260,0.001571215,736.00,4.447748025,Employment,Housing
176,97,1/3/2023,4,165691,182,0.00109843,455.00,2.746075526,Home Security,Housing
540,97,1/3/2023,5,165727,413,0.00249205,180.00,1.086123565,Credit Card,Housing
600,30,1/3/2023,2,161812,216,0.001334882,1280.00,7.910414555,Debt,Lending
863,76,1/3/2023,3,132394,165,0.00124628,126.76,0.957445201,Loan,Credit Card
447,54,1/3/2023,2,200648,115,0.000573143,509.40,2.538774371,Identity Protection,Mortgage
447,54,1/3/2023,2,111081,170,0.001530415,1188.60,10.70029978,Identity Protection,Mortgage
838,54,1/3/2023,3,200590,552,0.002751882,648.00,3.230470113,Home Financing,Mortgage
838,54,1/3/2023,3,110965,435,0.003920155,432.00,3.893119452,Home Financing,Mortgage
885,54,1/3/2023,4,200362,155,0.0007736,1200.00,5.989159621,Education,Mortgage
885,54,1/3/2023,4,110805,173,0.001561301,560.00,5.053923559,Education,Mortgage
169,76,1/4/2023,2,139924,1393,0.009955404,1320.00,9.433692576,Credit Card,Credit Card
598,97,1/4/2023,5,165587,326,0.001968754,222.43,1.343281779,Home Financing,Housing
573,97,1/4/2023,3,165480,109,0.00065869,462.00,2.791878173,Education,Housing
767,97,1/4/2023,2,165539,430,0.002597575,520.00,3.141253723,Beauty,Housing
699,97,1/4/2023,4,165664,1333,0.008046407,1058.00,6.386420707,Credit Card,Housing
789,30,1/4/2023,2,161957,184,0.001136104,1704.00,10.52131121,Employment,Lending
443,30,1/4/2023,3,161994,67,0.000413596,1637.00,10.10531254,Identity Protection,Lending
961,30,1/4/2023,4,161995,35,0.000216056,1240.00,7.654557239,Injury Claim,Lending
885,76,1/4/2023,3,132642,93,0.000701135,960.00,7.237526575,Education,Credit Card
159,76,1/4/2023,4,132620,104,0.000784195,900.00,6.786306741,Home Security,Credit Card
519,54,1/4/2023,2,200996,254,0.001263707,391.50,1.947799956,Animal Health Insurance,Mortgage
519,54,1/4/2023,2,110791,213,0.001922539,913.50,8.245254578,Animal Health Insurance,Mortgage
551,54,1/4/2023,3,200937,724,0.003603119,612.00,3.045730751,Home Financing,Mortgage
551,54,1/4/2023,3,110722,507,0.004579036,312.00,2.817868174,Home Financing,Mortgage
176,54,1/4/2023,4,200722,208,0.001036259,2805.00,13.97455187,Home Security,Mortgage
176,54,1/4/2023,4,110580,215,0.001944294,495.00,4.476397179,Home Security,Mortgage
812,76,1/5/2023,5,104337,91,0.000872174,800.00,7.667462166,Credit Repair,Credit Card
861,97,1/5/2023,4,165728,176,0.001061981,150.00,0.905097509,Education,Housing
519,97,1/5/2023,2,165537,145,0.000875937,538.00,3.250028694,Animal Health Insurance,Housing
619,97,1/5/2023,3,165515,127,0.000767302,555.00,3.353170408,Life Insurance,Housing
109,97,1/5/2023,5,165675,1225,0.007393994,519.70,3.136864343,Home Financing,Housing
250,30,1/5/2023,2,125684,597,0.004750008,1200.00,9.547754686,Credit Card,Lending
861,30,1/5/2023,3,162044,101,0.000623288,550.00,3.394139863,Education,Lending
619,30,1/5/2023,4,162021,107,0.000660408,1023.00,6.313996334,Life Insurance,Lending
719,76,1/5/2023,2,139995,359,0.002564377,660.00,4.714454088,Credit Card,Credit Card
542,76,1/5/2023,3,140051,326,0.002327723,374.00,2.670455763,Health,Credit Card
250,76,1/5/2023,4,104185,962,0.009233575,750.00,7.198733023,Credit Card,Credit Card
558,54,1/5/2023,2,202103,157,0.000776832,390.00,1.929709109,Home Sale,Mortgage
558,54,1/5/2023,2,110921,170,0.001532622,910.00,8.204037107,Home Sale,Mortgage
962,54,1/5/2023,3,202027,474,0.002346221,420.00,2.078930044,Home Financing,Mortgage
962,54,1/5/2023,3,110874,464,0.004184931,408.00,3.679852806,Home Financing,Mortgage
619,54,1/5/2023,4,201881,396,0.001961552,414.90,2.055171116,Life Insurance,Mortgage
619,54,1/5/2023,4,110750,309,0.002790068,968.10,8.741309255,Life Insurance,Mortgage
591,76,1/6/2023,4,133514,230,0.001722666,0.00,,Loan,Credit Card
427,97,1/6/2023,3,165799,108,0.000651391,555.00,3.347426703,Home Sale,Housing
767,97,1/6/2023,4,165879,337,0.002031601,120.00,0.723418878,Beauty,Housing
687,97,1/6/2023,2,165572,1438,0.008685043,446.28,2.695383277,Rent To Own,Housing
837,97,1/6/2023,5,165802,1128,0.006803295,559.00,3.371491297,Survey,Housing
432,30,1/6/2023,2,162081,853,0.005262801,434.00,2.677673509,Credit Card,Lending
159,30,1/6/2023,3,162104,153,0.000943839,1080.00,6.662389577,Home Security,Lending
115,30,1/6/2023,4,162113,679,0.004188436,300.00,1.850561028,Credit Card,Lending
895,76,1/6/2023,2,140252,456,0.003251291,294.80,2.10193081,Loan,Credit Card
832,76,1/6/2023,3,133535,280,0.002096829,104.00,0.778822032,Tax Debt,Credit Card
854,54,1/6/2023,2,202927,118,0.00058149,394.20,1.942570481,Identity Protection,Mortgage
854,54,1/6/2023,2,111093,149,0.001341219,919.80,8.279549567,Identity Protection,Mortgage
614,54,1/6/2023,3,202892,489,0.002410149,372.00,1.833487767,Home Financing,Mortgage
614,54,1/6/2023,3,111048,351,0.003160795,300.00,2.701534472,Home Financing,Mortgage
352,54,1/6/2023,4,202711,172,0.000848499,900.00,4.439818263,Home Warranty,Mortgage
352,54,1/6/2023,4,110948,193,0.001739554,72.00,0.648952663,Home Warranty,Mortgage
255,97,1/7/2023,3,166106,755,0.00454529,413.00,2.486364129,Credit Score,Housing
435,97,1/7/2023,4,166167,147,0.000884652,180.00,1.083247576,Education,Housing
453,97,1/7/2023,2,165905,667,0.004020373,672.00,4.050510835,Credit Card,Housing
866,97,1/7/2023,5,166176,218,0.001311862,517.50,3.114168111,Personal Care,Housing
256,30,1/7/2023,2,125738,321,0.002552928,647.00,5.145620258,Credit Card,Lending
1000,30,1/7/2023,3,162299,1566,0.009648858,1300.00,8.00990764,Credit Card,Lending
656,30,1/7/2023,4,162312,2236,0.013775938,2340.00,14.41667899,Credit Card,Lending
205,76,1/7/2023,2,140352,169,0.001204115,817.00,5.821078431,Auto Warranty,Credit Card
837,76,1/7/2023,3,133624,1433,0.010724121,647.00,4.841944561,Survey,Credit Card
543,76,1/7/2023,4,133540,1080,0.008087464,1239.00,9.278118916,Credit Score,Credit Card
328,54,1/7/2023,2,203541,369,0.001812903,1265.00,6.214964061,Home Warranty,Mortgage
328,54,1/7/2023,2,111183,422,0.003795544,1100.00,9.893598842,Home Warranty,Mortgage
839,54,1/7/2023,3,203599,628,0.003084495,528.00,2.593332973,Home Financing,Mortgage
839,54,1/7/2023,3,111140,575,0.005173655,312.00,2.80727011,Home Financing,Mortgage
808,54,1/7/2023,4,203365,468,0.002301281,1405.68,6.912103853,Home Solar,Mortgage
808,54,1/7/2023,4,111024,300,0.002702118,368.69,3.320813518,Home Solar,Mortgage
789,76,1/8/2023,2,140253,123,0.000876987,1578.00,11.25109623,Employment,Credit Card
115,76,1/8/2023,4,133663,728,0.005446533,385.00,2.880378265,Credit Card,Credit Card
789,97,1/8/2023,3,166151,181,0.001089371,1364.00,8.209399883,Employment,Housing
131,97,1/8/2023,5,166233,285,0.001714461,605.56,3.642838666,Credit Repair,Housing
205,97,1/8/2023,2,166106,197,0.00118599,707.00,4.256318255,Auto Warranty,Housing
922,97,1/8/2023,4,166152,140,0.000842602,726.00,4.369492994,Identity Protection,Housing
365,30,1/8/2023,2,162468,36,0.000221582,1444.00,8.88790408,Credit Repair,Lending
837,30,1/8/2023,3,162493,1405,0.008646526,1260.00,7.75418018,Survey,Lending
938,30,1/8/2023,4,162479,897,0.005520713,305.39,1.879565975,Credit Card,Lending
105,76,1/8/2023,3,133717,426,0.003185833,261.00,1.951883455,Credit Card,Credit Card
205,54,1/8/2023,2,204205,281,0.001376068,535.20,2.620895669,Auto Warranty,Mortgage
205,54,1/8/2023,2,111172,205,0.001843989,1248.80,11.23304429,Auto Warranty,Mortgage
964,54,1/8/2023,3,204082,448,0.002195196,828.00,4.057192697,Home Financing,Mortgage
964,54,1/8/2023,3,111100,357,0.003213321,396.00,3.564356436,Home Financing,Mortgage
837,54,1/8/2023,4,203953,813,0.003986213,396.00,1.941623805,Survey,Mortgage
837,54,1/8/2023,4,111017,376,0.003386869,924.00,8.323049623,Survey,Mortgage
656,76,1/9/2023,2,140572,1264,0.008991833,1196.00,8.508095496,Credit Card,Credit Card
652,76,1/9/2023,3,133845,25,0.000186783,315.00,2.353468564,Education,Credit Card
1000,97,1/9/2023,2,166255,471,0.002832998,312.00,1.876635289,Credit Card,Housing
913,97,1/9/2023,4,166447,143,0.000859132,429.00,2.577397009,Home Warranty,Housing
510,97,1/9/2023,3,166399,121,0.000727168,224.00,1.346161936,Education,Housing
168,97,1/9/2023,5,166450,96,0.00057675,542.00,3.256233103,Home Financing,Housing
205,30,1/9/2023,2,162681,156,0.000958932,1591.00,9.779875954,Auto Warranty,Lending
922,30,1/9/2023,3,162677,59,0.000362682,1655.00,10.17353406,Identity Protection,Lending
250,30,1/9/2023,4,126151,610,0.004835475,1200.00,9.512409731,Credit Card,Lending
415,76,1/9/2023,4,133847,154,0.001150567,130.06,0.971706501,Loan,Credit Card
560,54,1/9/2023,2,204829,248,0.001210766,390.00,1.904027262,Home Improvement,Mortgage
560,54,1/9/2023,2,111109,204,0.001836035,910.00,8.190155613,Home Improvement,Mortgage
828,54,1/9/2023,3,204634,744,0.003635759,1116.00,5.45363918,Home Financing,Mortgage
828,54,1/9/2023,3,111079,487,0.004384267,492.00,4.429280062,Home Financing,Mortgage
173,54,1/9/2023,4,204394,62,0.000303336,553.20,2.706537374,Identity Protection,Mortgage
173,54,1/9/2023,4,111037,135,0.001215811,1290.80,11.62495384,Identity Protection,Mortgage
108,54,1/9/2023,5,158490,173,0.001091552,180.00,1.135718342,Auto Insurance,Mortgage
1000,76,1/10/2023,3,133800,1483,0.011083707,1404.00,10.49327354,Credit Card,Credit Card
547,76,1/10/2023,4,133738,445,0.003327401,196.00,1.46555205,Credit Card,Credit Card
542,97,1/10/2023,5,166467,1388,0.008337989,1156.00,6.944319295,Health,Housing
410,97,1/10/2023,4,166471,200,0.00120141,1056.00,6.343447207,Home Services,Housing
850,97,1/10/2023,3,166443,753,0.004524071,540.00,3.244353923,Survey,Housing
687,97,1/10/2023,2,166362,596,0.003582549,182.28,1.095682908,Rent To Own,Housing
789,30,1/10/2023,2,162757,95,0.000583692,352.00,2.1627334,Employment,Lending
219,30,1/10/2023,3,162771,741,0.004552408,567.00,3.483421494,Credit Card,Lending
772,30,1/10/2023,4,162771,738,0.004533977,1165.56,7.16073502,Loan,Lending
250,76,1/10/2023,2,105275,396,0.003761577,750.00,7.124198528,Credit Card,Credit Card
936,54,1/10/2023,2,205413,185,0.000900625,433.33,2.109554897,Credit Repair,Mortgage
936,54,1/10/2023,2,111265,161,0.001446996,1011.11,9.087403946,Credit Repair,Mortgage
787,54,1/10/2023,3,205289,510,0.002484303,708.00,3.448796575,Home Financing,Mortgage
787,54,1/10/2023,3,111174,415,0.003732887,324.00,2.914350478,Home Financing,Mortgage
240,54,1/10/2023,4,205165,246,0.001199035,394.20,1.921380352,Resources,Mortgage
240,54,1/10/2023,4,111080,199,0.001791502,919.80,8.280518545,Resources,Mortgage
854,97,1/11/2023,2,166339,201,0.001208376,559.00,3.360606953,Identity Protection,Housing
699,97,1/11/2023,4,5584,42,0.00752149,96.00,17.19197708,Credit Card,Housing
619,97,1/11/2023,3,15440,37,0.002396373,518.00,33.5492228,Life Insurance,Housing
256,30,1/11/2023,2,123024,486,0.003950449,1094.00,8.892573807,Credit Card,Lending
169,30,1/11/2023,3,162728,1069,0.006569244,1080.00,6.636841847,Credit Card,Lending
690,30,1/11/2023,4,162760,598,0.003674121,420.00,2.580486606,Credit Card,Lending
365,76,1/11/2023,2,140641,41,0.000291522,800.00,5.688241693,Credit Repair,Credit Card
381,76,1/11/2023,3,133431,632,0.00473653,748.72,5.61128973,Loan,Credit Card
471,76,1/11/2023,4,133393,3513,0.026335715,570.00,4.273087793,Resources,Credit Card
258,54,1/11/2023,2,205082,197,0.000960591,450.60,2.197169913,Life Insurance,Mortgage
258,54,1/11/2023,2,111147,182,0.001637471,1051.40,9.459544567,Life Insurance,Mortgage
869,54,1/11/2023,3,205035,453,0.002209379,504.00,2.458116907,Home Financing,Mortgage
869,54,1/11/2023,3,111105,348,0.003132172,228.00,2.052112866,Home Financing,Mortgage
117,54,1/11/2023,4,204807,257,0.00125484,1705.00,8.32491077,Home Sale,Mortgage
117,54,1/11/2023,4,110983,178,0.001603849,770.00,6.937999513,Home Sale,Mortgage
950,76,1/12/2023,2,140526,59,0.000419851,375.00,2.668545323,Life Insurance,Credit Card
767,76,1/12/2023,4,132945,151,0.001135808,520.00,3.911391929,Beauty,Credit Card
767,97,1/12/2023,5,167981,39,0.000232169,420.00,2.50028277,Beauty,Housing
519,97,1/12/2023,2,167741,79,0.000470964,556.00,3.31463387,Animal Health Insurance,Housing
453,97,1/12/2023,3,167823,166,0.000989137,192.00,1.144062494,Credit Card,Housing
109,97,1/12/2023,4,167927,145,0.00086347,475.78,2.833254926,Home Financing,Housing
490,30,1/12/2023,2,162970,1372,0.008418727,1435.50,8.808369639,Auto Loan,Lending
944,30,1/12/2023,3,162922,122,0.000748825,935.00,5.738942561,Life Insurance,Lending
547,30,1/12/2023,4,162941,970,0.005953075,868.00,5.327081582,Credit Card,Lending
155,76,1/12/2023,3,133006,145,0.001090176,172.96,1.300392463,Loan,Credit Card
771,54,1/12/2023,2,205262,255,0.001242315,988.00,4.813360486,Debt,Mortgage
771,54,1/12/2023,2,111089,217,0.001953389,312.00,2.808558903,Debt,Mortgage
865,54,1/12/2023,3,205164,327,0.001593847,408.00,1.98865298,Home Financing,Mortgage
865,54,1/12/2023,3,110999,284,0.002558582,180.00,1.621636231,Home Financing,Mortgage
1000,54,1/12/2023,4,205027,573,0.002794754,520.00,2.536251323,Credit Card,Mortgage
1000,54,1/12/2023,4,110911,302,0.002722904,156.00,1.406533166,Credit Card,Mortgage
222,97,1/13/2023,4,168039,528,0.003142128,485.28,2.887901023,Loan,Housing
542,97,1/13/2023,5,168068,954,0.005676274,500.00,2.974986315,Health,Housing
573,97,1/13/2023,3,167991,110,0.000654797,378.00,2.250120542,Education,Housing
789,97,1/13/2023,6,167948,166,0.000988401,406.00,2.417414914,Employment,Housing
840,97,1/13/2023,2,167891,173,0.00103043,542.00,3.228285018,Injury Claim,Housing
256,30,1/13/2023,2,123222,187,0.001517586,135.50,1.099641298,Credit Card,Lending
840,30,1/13/2023,3,162991,939,0.005761054,993.00,6.092360928,Injury Claim,Lending
311,30,1/13/2023,4,162935,738,0.004529414,551.25,3.38325099,Credit Card,Lending
256,76,1/13/2023,2,100284,779,0.007767939,1495.00,14.90766224,Credit Card,Credit Card
205,76,1/13/2023,3,132898,105,0.00079008,794.00,5.974506765,Auto Warranty,Credit Card
840,76,1/13/2023,4,132915,640,0.004815107,620.00,4.664635293,Injury Claim,Credit Card
840,54,1/13/2023,2,205918,1616,0.007847784,413.70,2.009052147,Injury Claim,Mortgage
840,54,1/13/2023,2,111090,791,0.007120353,965.30,8.689350977,Injury Claim,Mortgage
838,54,1/13/2023,3,205772,869,0.004223121,720.00,3.499018331,Home Financing,Mortgage
838,54,1/13/2023,3,110990,488,0.004396793,276.00,2.486710514,Home Financing,Mortgage
159,54,1/13/2023,4,205568,220,0.001070205,2145.00,10.43450342,Home Security,Mortgage
159,54,1/13/2023,4,110907,239,0.002154959,1650.00,14.87732965,Home Security,Mortgage
590,76,1/14/2023,4,132869,121,0.000910671,100.00,0.752621003,Credit Score,Credit Card
443,97,1/14/2023,5,168324,155,0.000920843,552.00,3.279389748,Identity Protection,Housing
273,97,1/14/2023,4,168277,158,0.000938928,559.00,3.321903766,Office Supplies,Housing
687,97,1/14/2023,2,168038,1163,0.006921054,366.96,2.183791761,Rent To Own,Housing
205,97,1/14/2023,3,168212,137,0.000814448,716.00,4.256533422,Auto Warranty,Housing
874,30,1/14/2023,2,162995,42,0.000257677,1444.44,8.861866928,Credit Repair,Lending
547,30,1/14/2023,3,162980,933,0.005724629,616.00,3.779604859,Credit Card,Lending
201,30,1/14/2023,4,162992,100,0.000613527,1161.00,7.123048984,Identity Protection,Lending
895,76,1/14/2023,2,140506,343,0.002441177,210.55,1.498512519,Loan,Credit Card
789,76,1/14/2023,3,140454,169,0.001203241,1672.00,11.90425335,Employment,Credit Card
205,54,1/14/2023,2,206172,345,0.00167336,577.20,2.799604214,Auto Warranty,Mortgage
205,54,1/14/2023,2,111114,250,0.002249942,1346.80,12.12088486,Auto Warranty,Mortgage
551,54,1/14/2023,3,206096,451,0.002188301,540.00,2.620138188,Home Financing,Mortgage
551,54,1/14/2023,3,111049,379,0.003412908,408.00,3.674053796,Home Financing,Mortgage
656,54,1/14/2023,4,205941,621,0.003015427,468.00,2.272495521,Credit Card,Mortgage
656,54,1/14/2023,4,111083,332,0.002988756,312.00,2.808710604,Credit Card,Mortgage
127,76,1/15/2023,2,140370,418,0.002977844,670.00,4.773099665,Employment,Credit Card
630,76,1/15/2023,4,133030,131,0.00098474,375.00,2.818913027,Home Improvement,Credit Card
837,76,1/15/2023,3,140347,779,0.005550528,672.00,4.788132272,Survey,Credit Card
365,97,1/15/2023,2,168246,249,0.001479976,605.56,3.599253474,Credit Repair,Housing
837,97,1/15/2023,3,166983,734,0.004395657,568.00,3.40154387,Survey,Housing
861,97,1/15/2023,4,167011,159,0.000952033,815.00,4.879918089,Education,Housing
866,97,1/15/2023,5,167049,233,0.0013948,512.50,3.067962095,Personal Care,Housing
205,30,1/15/2023,2,163071,106,0.000650024,1609.00,9.866867806,Auto Warranty,Lending
256,30,1/15/2023,3,123661,225,0.00181949,458.75,3.709738721,Credit Card,Lending
540,30,1/15/2023,4,163037,1988,0.012193551,1320.00,8.096321694,Credit Card,Lending
443,54,1/15/2023,2,206230,102,0.000494593,493.20,2.391504631,Identity Protection,Mortgage
443,54,1/15/2023,2,111431,150,0.001346125,1150.80,10.32746722,Identity Protection,Mortgage
962,54,1/15/2023,3,206130,505,0.00244991,540.00,2.619706011,Home Financing,Mortgage
962,54,1/15/2023,3,111490,371,0.003327653,288.00,2.583191318,Home Financing,Mortgage
630,54,1/15/2023,4,205961,183,0.000888518,1200.00,5.826345764,Home Improvement,Mortgage
630,54,1/15/2023,4,111410,201,0.001804147,675.00,6.058702091,Home Improvement,Mortgage
699,76,1/16/2023,2,140357,996,0.00709619,1800.00,12.82444053,Credit Card,Credit Card
381,76,1/16/2023,4,133156,222,0.001667217,179.94,1.351347292,Loan,Credit Card
351,97,1/16/2023,5,167173,376,0.002249167,150.00,0.897274081,Credit Card,Housing
696,97,1/16/2023,3,167000,223,0.001335329,529.00,3.167664671,Home Delivery,Housing
913,97,1/16/2023,4,167072,111,0.000664384,165.00,0.987598161,Home Warranty,Housing
168,97,1/16/2023,2,166910,96,0.00057516,510.00,3.055538913,Home Financing,Housing
789,30,1/16/2023,2,163056,74,0.000453832,236.00,1.44735551,Employment,Lending
837,30,1/16/2023,3,163065,919,0.005635789,1280.00,7.849630515,Survey,Lending
574,30,1/16/2023,4,163028,38,0.000233089,0.00,,Life Insurance,Lending
159,76,1/16/2023,3,133238,158,0.001185848,1140.00,8.556117624,Home Security,Credit Card
300,54,1/16/2023,2,205879,114,0.000553723,450.60,2.188664215,Identity Protection,Mortgage
300,54,1/16/2023,2,111046,130,0.001170686,1051.40,9.468148335,Identity Protection,Mortgage
614,54,1/16/2023,3,205827,481,0.002336914,552.00,2.681863895,Home Financing,Mortgage
614,54,1/16/2023,3,110976,397,0.00357735,348.00,3.135813149,Home Financing,Mortgage
837,54,1/16/2023,4,205571,1051,0.005112589,1064.00,5.17582733,Survey,Mortgage
837,54,1/16/2023,4,110905,601,0.005419052,456.00,4.111627068,Survey,Mortgage
719,76,1/17/2023,4,133179,535,0.00401715,990.00,7.433604397,Credit Card,Credit Card
874,76,1/17/2023,2,140505,87,0.000619195,769.00,5.473114836,Credit Repair,Credit Card
351,76,1/17/2023,3,133198,718,0.005390471,810.00,6.08117239,Credit Card,Credit Card
789,97,1/17/2023,5,167385,202,0.001206799,0.00,,Employment,Housing
1000,97,1/17/2023,2,167239,610,0.003647475,416.00,2.487458069,Credit Card,Housing
410,97,1/17/2023,3,167374,154,0.000920095,384.00,2.294263147,Home Services,Housing
328,97,1/17/2023,4,167424,129,0.000770499,385.00,2.299550841,Home Warranty,Housing
176,30,1/17/2023,2,163098,117,0.00071736,660.00,4.046646801,Home Security,Lending
983,30,1/17/2023,3,163064,1648,0.010106461,1188.00,7.285483001,Credit Card,Lending
767,30,1/17/2023,4,163039,66,0.000404811,440.00,2.698740792,Beauty,Lending
619,54,1/17/2023,2,205412,189,0.000920102,486.00,2.365976671,Life Insurance,Mortgage
619,54,1/17/2023,2,111414,237,0.002127201,1134.00,10.17825408,Life Insurance,Mortgage
839,54,1/17/2023,3,205346,547,0.002663797,636.00,3.097211536,Home Financing,Mortgage
839,54,1/17/2023,3,111343,442,0.003969715,228.00,2.047726395,Home Financing,Mortgage
126,54,1/17/2023,4,205056,228,0.001111891,1200.00,5.852059925,Home Security,Mortgage
126,54,1/17/2023,4,111212,170,0.001528612,420.00,3.776570874,Home Security,Mortgage
453,76,1/18/2023,2,140798,512,0.003636415,960.00,6.818278669,Credit Card,Credit Card
347,76,1/18/2023,3,133293,271,0.002033115,362.70,2.721073125,Loan,Credit Card
699,97,1/18/2023,5,167527,193,0.001152053,250.00,1.492296764,Credit Card,Housing
474,97,1/18/2023,4,167236,1344,0.008036547,500.00,2.989786888,Survey,Housing
687,97,1/18/2023,2,167444,2540,0.015169251,1188.00,7.094909343,Rent To Own,Housing
619,97,1/18/2023,3,167439,173,0.001033212,480.00,2.86671564,Life Insurance,Housing
619,30,1/18/2023,2,163082,87,0.000533474,850.00,5.212101887,Life Insurance,Lending
719,30,1/18/2023,3,163087,688,0.004218607,930.00,5.702477819,Credit Card,Lending
351,30,1/18/2023,4,163081,820,0.005028176,840.00,5.150814626,Credit Card,Lending
410,76,1/18/2023,4,133273,17,0.000127558,288.00,2.160977842,Home Services,Credit Card
660,54,1/18/2023,2,205475,156,0.000759216,379.20,1.845479985,Office Supplies,Mortgage
660,54,1/18/2023,2,112048,182,0.001624304,884.80,7.896615736,Office Supplies,Mortgage
964,54,1/18/2023,3,205432,429,0.002088282,540.00,2.628607033,Home Financing,Mortgage
964,54,1/18/2023,3,111986,369,0.003295055,348.00,3.107531299,Home Financing,Mortgage
176,54,1/18/2023,4,205246,115,0.000560303,2145.00,10.45087359,Home Security,Mortgage
176,54,1/18/2023,4,111995,173,0.001544712,495.00,4.419840171,Home Security,Mortgage
780,54,1/18/2023,5,156850,167,0.001064712,240.00,1.530124323,Auto Insurance,Mortgage
950,76,1/19/2023,4,133571,63,0.000471659,75.00,0.561499128,Life Insurance,Credit Card
656,76,1/19/2023,3,133600,519,0.003884731,572.00,4.281437126,Credit Card,Credit Card
109,97,1/19/2023,4,167677,660,0.003936139,298.74,1.7816397,Home Financing,Housing
325,97,1/19/2023,2,167524,174,0.001038657,580.00,3.462190492,Animal Health Insurance,Housing
453,97,1/19/2023,3,167639,410,0.002445732,624.00,3.722284194,Credit Card,Housing
255,97,1/19/2023,5,167706,592,0.003529987,472.00,2.814449095,Credit Score,Housing
1000,30,1/19/2023,2,163158,1262,0.007734834,1560.00,9.561284154,Credit Card,Lending
656,30,1/19/2023,3,163167,1561,0.009566885,1404.00,8.604681094,Credit Card,Lending
739,30,1/19/2023,4,163181,1271,0.007788897,1148.00,7.035132767,Credit Card,Lending
205,76,1/19/2023,2,141244,134,0.000948713,771.00,5.458638951,Auto Warranty,Credit Card
240,54,1/19/2023,2,205124,219,0.001067647,450.60,2.196720033,Resources,Mortgage
240,54,1/19/2023,2,112343,228,0.002029499,1051.40,9.358838557,Resources,Mortgage
828,54,1/19/2023,3,205028,545,0.002658174,492.00,2.39967224,Home Financing,Mortgage
828,54,1/19/2023,3,112362,400,0.003559922,240.00,2.135953436,Home Financing,Mortgage
438,54,1/19/2023,4,204865,1602,0.007819784,938.00,4.578624948,Networking,Mortgage
438,54,1/19/2023,4,112262,867,0.007723005,294.00,2.618873706,Networking,Mortgage
1000,76,1/20/2023,3,133573,941,0.007044837,624.00,4.671602794,Credit Card,Credit Card
961,76,1/20/2023,5,141294,41,0.000290175,670.00,4.741885713,Injury Claim,Credit Card
789,76,1/20/2023,2,141364,177,0.001252087,962.00,6.805127189,Employment,Credit Card
767,76,1/20/2023,4,133546,84,0.000628997,100.00,0.748805655,Beauty,Credit Card
205,97,1/20/2023,2,167503,180,0.001074608,724.00,4.322310645,Auto Warranty,Housing
961,97,1/20/2023,3,167568,119,0.000710159,490.00,2.924186002,Injury Claim,Housing
656,97,1/20/2023,4,167606,725,0.004325621,416.00,2.482011384,Credit Card,Housing
178,97,1/20/2023,5,167622,93,0.00055482,200.00,1.193160802,Health,Housing
936,30,1/20/2023,2,163227,66,0.000404345,1587.00,9.722656178,Credit Repair,Lending
564,30,1/20/2023,3,162011,96,0.000592552,1006.00,6.209454914,Injury Claim,Lending
686,30,1/20/2023,4,163187,347,0.002126395,448.11,2.745990796,Loan,Lending
205,54,1/20/2023,2,204962,248,0.00120998,619.50,3.02251149,Auto Warranty,Mortgage
205,54,1/20/2023,2,112339,259,0.002305522,1445.50,12.86730343,Auto Warranty,Mortgage
787,54,1/20/2023,3,204867,615,0.003001948,312.00,1.522939273,Home Financing,Mortgage
787,54,1/20/2023,3,112366,491,0.004369649,300.00,2.669846751,Home Financing,Mortgage
961,54,1/20/2023,4,204716,174,0.000849958,462.00,2.256785009,Injury Claim,Mortgage
961,54,1/20/2023,4,112247,197,0.001755058,1078.00,9.603820147,Injury Claim,Mortgage
739,76,1/21/2023,2,141430,2279,0.016113979,1316.00,9.304956516,Credit Card,Credit Card
534,76,1/21/2023,3,133620,480,0.003592277,489.20,3.661128574,Bank Account,Credit Card
271,97,1/21/2023,4,167246,178,0.0010643,375.46,2.244956531,Credit Repair,Housing
687,97,1/21/2023,2,167165,2088,0.012490653,1014.24,6.067298777,Rent To Own,Housing
393,97,1/21/2023,3,167197,105,0.000628002,713.00,4.264430582,Identity Protection,Housing
205,30,1/21/2023,2,163245,86,0.000526816,1626.00,9.960488836,Auto Warranty,Lending
413,30,1/21/2023,3,163253,870,0.005329152,2400.00,14.7011081,Injury Claim,Lending
255,30,1/21/2023,4,163199,704,0.004313752,295.00,1.807609115,Credit Score,Lending
155,76,1/21/2023,4,133557,339,0.002538242,363.33,2.72041151,Loan,Credit Card
328,54,1/21/2023,2,204319,243,0.001189317,1870.00,9.152354896,Home Warranty,Mortgage
328,54,1/21/2023,2,112167,248,0.002210989,275.00,2.451701481,Home Warranty,Mortgage
869,54,1/21/2023,3,204209,495,0.002423987,648.00,3.173219594,Home Financing,Mortgage
869,54,1/21/2023,3,112087,473,0.004219936,384.00,3.42591023,Home Financing,Mortgage
913,54,1/21/2023,4,204075,417,0.002043366,1518.00,7.438441749,Home Warranty,Mortgage
913,54,1/21/2023,4,111977,349,0.003116711,627.00,5.599364155,Home Warranty,Mortgage
284,76,1/22/2023,3,133386,674,0.005053004,508.50,3.812244164,Resources,Credit Card
789,97,1/22/2023,2,167099,174,0.001041299,786.00,4.703798347,Employment,Housing
542,97,1/22/2023,4,167154,878,0.005252641,240.00,1.435801716,Health,Housing
421,97,1/22/2023,3,167111,150,0.000897607,456.00,2.728725219,Injury Claim,Housing
789,30,1/22/2023,2,163256,175,0.001071936,1776.00,10.87862008,Employment,Lending
219,30,1/22/2023,3,163246,426,0.002609559,417.00,2.554427061,Credit Card,Lending
455,30,1/22/2023,4,162006,724,0.00446897,247.41,1.527165661,Shopping,Lending
895,76,1/22/2023,2,141479,164,0.001159183,124.00,0.876455163,Loan,Credit Card
543,54,1/22/2023,2,203911,983,0.004820731,649.00,3.182761107,Credit Score,Mortgage
543,54,1/22/2023,2,112125,439,0.003915273,177.00,1.578595318,Credit Score,Mortgage
865,54,1/22/2023,3,203853,296,0.001452027,420.00,2.060308163,Home Financing,Mortgage
865,54,1/22/2023,3,112173,243,0.002166297,228.00,2.032574684,Home Financing,Mortgage
178,54,1/22/2023,4,203739,233,0.00114362,650.00,3.190356289,Health,Mortgage
178,54,1/22/2023,4,112105,201,0.001792962,150.00,1.33803131,Health,Mortgage
935,76,1/23/2023,3,133325,49,0.000367523,240.00,1.800112507,Home Services,Credit Card
168,97,1/23/2023,2,166960,60,0.000359368,477.00,2.85697173,Home Financing,Housing
687,97,1/23/2023,3,167140,1252,0.007490726,1014.30,6.068565275,Rent To Own,Housing
837,97,1/23/2023,4,105701,217,0.002052961,529.00,5.004683021,Survey,Housing
174,97,1/23/2023,5,15178,32,0.002108315,472.00,31.09764132,Tax Debt,Housing
837,30,1/23/2023,2,163273,980,0.006002217,1068.00,6.541191746,Survey,Lending
547,30,1/23/2023,3,163236,1933,0.011841751,1260.00,7.71888554,Credit Card,Lending
542,30,1/23/2023,4,163219,462,0.002830553,408.00,2.49970898,Health,Lending
656,76,1/23/2023,2,141469,1745,0.012334858,2080.00,14.70286777,Credit Card,Credit Card
381,76,1/23/2023,4,133306,837,0.006278787,788.09,5.911886937,Loan,Credit Card
256,76,1/23/2023,5,133315,715,0.005363237,1176.50,8.824963432,Credit Card,Credit Card
619,54,1/23/2023,2,204031,192,0.000941033,1740.00,8.528115826,Life Insurance,Mortgage
619,54,1/23/2023,2,112295,222,0.001976936,0.00,,Life Insurance,Mortgage
838,54,1/23/2023,3,203935,547,0.002682227,588.00,2.883271631,Home Financing,Mortgage
838,54,1/23/2023,3,112359,485,0.004316521,432.00,3.84481884,Home Financing,Mortgage
174,54,1/23/2023,4,203799,514,0.002522093,477.60,2.343485493,Tax Debt,Mortgage
174,54,1/23/2023,4,112263,292,0.002601035,1114.40,9.926690005,Tax Debt,Mortgage
517,97,1/24/2023,3,167201,255,0.00152511,408.00,2.440176793,Home Financing,Housing
255,97,1/24/2023,5,167189,790,0.004725191,767.00,4.587622391,Credit Score,Housing
619,97,1/24/2023,2,167040,94,0.000562739,442.00,2.646072797,Life Insurance,Housing
866,97,1/24/2023,4,167141,225,0.001346169,480.00,2.871826781,Personal Care,Housing
619,30,1/24/2023,2,163256,47,0.000287891,800.00,4.900279316,Life Insurance,Lending
540,30,1/24/2023,3,163272,600,0.003674849,360.00,2.204909599,Credit Card,Lending
983,30,1/24/2023,4,163286,647,0.003962373,393.75,2.411413103,Credit Card,Lending
159,76,1/24/2023,2,141586,87,0.000614468,420.00,2.966394983,Home Security,Credit Card
543,76,1/24/2023,3,133308,436,0.003270621,708.00,5.311009092,Credit Score,Credit Card
432,76,1/24/2023,4,133240,618,0.004638247,406.00,3.047132993,Credit Card,Credit Card
854,54,1/24/2023,2,205029,87,0.00042433,750.90,3.662408732,Identity Protection,Mortgage
854,54,1/24/2023,2,113168,145,0.001281281,1752.10,15.48229181,Identity Protection,Mortgage
551,54,1/24/2023,3,205000,486,0.002370732,684.00,3.336585366,Home Financing,Mortgage
551,54,1/24/2023,3,113244,390,0.003443891,456.00,4.026703402,Home Financing,Mortgage
289,54,1/24/2023,4,204849,182,0.000888459,450.00,2.196740038,Home Delivery,Mortgage
289,54,1/24/2023,4,113157,191,0.00168792,1050.00,9.279143137,Home Delivery,Mortgage
205,76,1/25/2023,2,141648,153,0.001080142,821.00,5.796057834,Auto Warranty,Credit Card
201,97,1/25/2023,5,167088,102,0.000610457,505.00,3.022359475,Identity Protection,Housing
699,97,1/25/2023,3,167121,503,0.003009795,400.00,2.393475386,Credit Card,Housing
661,97,1/25/2023,4,167106,172,0.001029287,490.00,2.932270535,Home Sale,Housing
687,97,1/25/2023,2,167109,1863,0.011148412,913.98,5.469364307,Rent To Own,Housing
256,30,1/25/2023,2,124491,586,0.004707168,1393.25,11.19157208,Credit Card,Lending
159,30,1/25/2023,3,163388,129,0.000789532,1380.00,8.446152716,Home Security,Lending
663,30,1/25/2023,4,163434,976,0.00597183,1140.49,6.978290931,Loan,Lending
256,76,1/25/2023,3,96464,377,0.003908194,770.50,7.987435727,Credit Card,Credit Card
540,76,1/25/2023,4,133435,544,0.004076891,300.00,2.248285682,Credit Card,Credit Card
972,76,1/25/2023,7,79591,58,0.000728726,0.00,0,Tax Debt,Credit Card
427,54,1/25/2023,2,205050,144,0.000702268,465.00,2.267739576,Home Sale,Mortgage
427,54,1/25/2023,2,113319,197,0.001738455,1085.00,9.574740335,Home Sale,Mortgage
962,54,1/25/2023,3,204977,411,0.002005103,540.00,2.634441913,Home Financing,Mortgage
962,54,1/25/2023,3,113348,368,0.003246639,216.00,1.905635741,Home Financing,Mortgage
522,54,1/25/2023,4,204799,138,0.000673831,1036.00,5.05861845,Life Insurance,Mortgage
522,54,1/25/2023,4,113252,173,0.001527567,407.00,3.593755519,Life Insurance,Mortgage
758,76,1/26/2023,4,133189,3062,0.022989887,910.00,6.832396069,Credit Card,Credit Card
458,76,1/26/2023,3,133190,46,0.000345371,680.00,5.1054884,Employment,Credit Card
453,97,1/26/2023,4,166895,737,0.00441595,432.00,2.588453818,Credit Card,Housing
686,97,1/26/2023,5,166990,608,0.003640937,595.83,3.568057968,Loan,Housing
774,97,1/26/2023,3,166945,1629,0.009757705,515.00,3.084848303,Survey,Housing
205,97,1/26/2023,2,166829,218,0.001306727,805.00,4.825300158,Auto Warranty,Housing
1000,30,1/26/2023,2,163436,783,0.004790866,468.00,2.863506204,Credit Card,Lending
656,30,1/26/2023,3,163409,905,0.005538251,1092.00,6.68261846,Credit Card,Lending
739,30,1/26/2023,4,163410,508,0.003108745,420.00,2.570222141,Credit Card,Lending
789,76,1/26/2023,2,141696,126,0.000889228,1364.00,9.626242096,Employment,Credit Card
205,54,1/26/2023,2,205042,156,0.00076082,727.20,3.546590455,Auto Warranty,Mortgage
205,54,1/26/2023,2,113631,186,0.001636877,1696.80,14.93254482,Auto Warranty,Mortgage
614,54,1/26/2023,3,204725,515,0.00251557,564.00,2.75491513,Home Financing,Mortgage
614,54,1/26/2023,3,113709,458,0.004027825,456.00,4.010236657,Home Financing,Mortgage
808,54,1/26/2023,4,204571,286,0.001398048,685.40,3.350426013,Home Solar,Mortgage
808,54,1/26/2023,4,113608,247,0.002174143,72.29,0.636310823,Home Solar,Mortgage
690,76,1/27/2023,3,141583,1333,0.009414972,672.00,4.74633254,Credit Card,Credit Card
789,97,1/27/2023,3,166803,151,0.000905259,544.00,3.26133223,Employment,Housing
840,97,1/27/2023,2,166770,161,0.000965401,477.00,2.860226659,Injury Claim,Housing
950,97,1/27/2023,4,166816,171,0.001025082,0.00,0,Life Insurance,Housing
393,97,1/27/2023,5,166931,130,0.000778765,778.00,4.660608275,Identity Protection,Housing
205,30,1/27/2023,2,163505,159,0.000972447,1805.00,11.03941775,Auto Warranty,Lending
840,30,1/27/2023,3,163504,226,0.001382229,790.00,4.831686075,Injury Claim,Lending
256,30,1/27/2023,4,124505,216,0.00173487,329.00,2.642464158,Credit Card,Lending
840,76,1/27/2023,2,141655,340,0.002400198,520.00,3.670890544,Injury Claim,Credit Card
393,76,1/27/2023,4,133194,52,0.000390408,949.00,7.124945568,Identity Protection,Credit Card
256,76,1/27/2023,5,96131,338,0.003516035,499.75,5.198635196,Credit Card,Credit Card
840,54,1/27/2023,2,204664,1315,0.006425165,486.00,2.374623774,Injury Claim,Mortgage
840,54,1/27/2023,2,114103,808,0.007081321,1134.00,9.938388999,Injury Claim,Mortgage
839,54,1/27/2023,3,204521,404,0.001975347,444.00,2.170926213,Home Financing,Mortgage
839,54,1/27/2023,3,114150,405,0.003547963,288.00,2.522996058,Home Financing,Mortgage
240,54,1/27/2023,4,204302,245,0.001199205,450.00,2.202621609,Resources,Mortgage
240,54,1/27/2023,4,114014,222,0.001947129,1050.00,9.209395337,Resources,Mortgage
983,76,1/28/2023,3,133301,608,0.004561106,414.00,3.105753145,Credit Card,Credit Card
1000,97,1/28/2023,4,168097,332,0.00197505,156.00,0.928035598,Credit Card,Housing
410,97,1/28/2023,3,166730,132,0.000791699,384.00,2.303124813,Home Services,Housing
687,97,1/28/2023,2,168027,962,0.00572527,533.40,3.174489814,Rent To Own,Housing
789,30,1/28/2023,2,163504,175,0.00107031,1236.00,7.559448087,Employment,Lending
311,30,1/28/2023,3,163494,780,0.004770817,400.50,2.449631179,Credit Card,Lending
432,30,1/28/2023,4,163488,17,0.000103983,0.00,0,Credit Card,Lending
471,76,1/28/2023,2,141626,3350,0.023653849,570.00,4.024684733,Resources,Credit Card
542,76,1/28/2023,4,133242,203,0.001523544,320.00,2.401645127,Health,Credit Card
699,54,1/28/2023,2,204146,536,0.002625572,1750.00,8.572296298,Credit Card,Mortgage
699,54,1/28/2023,2,114305,298,0.00260706,400.00,3.499409475,Credit Card,Mortgage
964,54,1/28/2023,3,204039,352,0.00172516,396.00,1.940805434,Home Financing,Mortgage
964,54,1/28/2023,3,114344,360,0.003148394,480.00,4.197859092,Home Financing,Mortgage
935,54,1/28/2023,4,203928,144,0.000706132,400.00,1.9614766,Home Services,Mortgage
935,54,1/28/2023,4,114257,178,0.001557891,40.00,0.35008796,Home Services,Mortgage
956,97,1/29/2023,3,167915,110,0.000655093,700.00,4.168775869,Education,Housing
222,97,1/29/2023,4,167933,361,0.002149667,283.79,1.689900139,Loan,Housing
913,97,1/29/2023,2,167882,129,0.000768397,363.00,2.162232997,Home Warranty,Housing
953,30,1/29/2023,2,163569,103,0.000629704,100.00,0.611362789,Credit Score,Lending
256,30,1/29/2023,3,124647,568,0.004556869,1317.25,10.56784359,Credit Card,Lending
115,30,1/29/2023,4,163513,667,0.004079186,485.00,2.966125018,Credit Card,Lending
143,76,1/29/2023,2,133246,90,0.000675442,680.00,5.103342689,Home Improvement,Credit Card
256,76,1/29/2023,3,96342,154,0.001598472,247.25,2.566378111,Credit Card,Credit Card
699,76,1/29/2023,4,133131,473,0.003552892,850.00,6.384688765,Credit Card,Credit Card
630,54,1/29/2023,2,204436,119,0.000582089,1350.00,6.603533624,Home Improvement,Mortgage
630,54,1/29/2023,2,114628,188,0.001640088,600.00,5.234323202,Home Improvement,Mortgage
828,54,1/29/2023,3,204484,462,0.002259345,528.00,2.582109114,Home Financing,Mortgage
828,54,1/29/2023,3,114654,421,0.003671917,336.00,2.930556282,Home Financing,Mortgage
328,54,1/29/2023,4,204675,341,0.001666056,2585.00,12.62977892,Home Warranty,Mortgage
328,54,1/29/2023,4,114560,327,0.002854399,1485.00,12.96263966,Home Warranty,Mortgage
999,76,1/30/2023,2,141524,154,0.001088155,140.70,0.994177666,Loan,Credit Card
656,76,1/30/2023,4,132917,1440,0.010833829,780.00,5.868323841,Credit Card,Credit Card
542,97,1/30/2023,4,166425,236,0.001418056,344.00,2.066997146,Health,Housing
771,97,1/30/2023,3,166214,122,0.000733994,234.00,1.407823649,Debt,Housing
866,97,1/30/2023,2,166338,103,0.000619221,227.50,1.367697099,Personal Care,Housing
109,97,1/30/2023,5,166779,1299,0.00778875,600.72,3.601892325,Home Financing,Housing
619,30,1/30/2023,2,163656,33,0.000201642,720.00,4.399472063,Life Insurance,Lending
688,30,1/30/2023,3,163639,119,0.000727211,1020.00,6.233232909,Injury Claim,Lending
547,30,1/30/2023,4,163639,1378,0.008420975,728.00,4.448817214,Credit Card,Lending
159,76,1/30/2023,3,132997,103,0.000774454,1020.00,7.669345925,Home Security,Credit Card
619,54,1/30/2023,2,205848,286,0.001389375,558.00,2.71073802,Life Insurance,Mortgage
619,54,1/30/2023,2,114964,288,0.002505132,1302.00,11.32528444,Life Insurance,Mortgage
787,54,1/30/2023,3,205889,461,0.002239071,312.00,1.515379646,Home Financing,Mortgage
787,54,1/30/2023,3,114995,503,0.004374103,240.00,2.087047263,Home Financing,Mortgage
854,54,1/30/2023,4,205830,89,0.000432396,666.00,3.23567993,Identity Protection,Mortgage
854,54,1/30/2023,4,114870,147,0.001279707,1554.00,13.52833638,Identity Protection,Mortgage
789,76,1/31/2023,2,141658,73,0.000515326,154.00,1.08712533,Employment,Credit Card
739,76,1/31/2023,4,132897,1577,0.011866333,644.00,4.845858071,Credit Card,Credit Card
178,97,1/31/2023,4,27840,30,0.001077586,600.00,21.55172414,Health,Housing
687,97,1/31/2023,2,166353,1286,0.007730549,752.70,4.524715515,Rent To Own,Housing
255,97,1/31/2023,3,166404,256,0.001538425,354.00,2.127352708,Credit Score,Housing
598,97,1/31/2023,5,15043,73,0.004852755,240.95,16.01741674,Home Financing,Housing
1000,30,1/31/2023,2,163669,985,0.006018244,1352.00,8.260574696,Credit Card,Lending
256,30,1/31/2023,3,124938,168,0.001344667,370.50,2.965470874,Credit Card,Lending
656,30,1/31/2023,4,163699,1301,0.007947513,1196.00,7.306092279,Credit Card,Lending
256,76,1/31/2023,3,96313,262,0.002720297,541.00,5.617102572,Credit Card,Credit Card
176,54,1/31/2023,2,205818,181,0.000879418,1450.00,7.045059227,Home Security,Mortgage
176,54,1/31/2023,2,114997,229,0.001991356,870.00,7.56541475,Home Security,Mortgage
869,54,1/31/2023,3,205773,518,0.002517337,444.00,2.157717485,Home Financing,Mortgage
869,54,1/31/2023,3,115058,507,0.004406473,300.00,2.607380625,Home Financing,Mortgage
143,54,1/31/2023,4,205598,128,0.000622574,467.40,2.273368418,Home Improvement,Mortgage
143,54,1/31/2023,4,114907,186,0.0016187,1090.60,9.491153716,Home Improvement,Mortgage
